3244 4868
698 389 874 472 *lt-²

249 606 288 683 ll,
319 607 357 669 16
385 607 442 668 »ἐκ
466 604 650 685 δευτέρου»
679 606 887 687 intelligenda
910 607 983 667 sint.
1021 606 1131 668 Fixius
1148 603 1315 689 (cuiuslib-

250 735 318 776 rum
343 736 385 777 ex
409 715 684 777 commentatione
709 715 828 776 Hochii
852 724 979 776 tantum
1003 715 1167 794 cognom),
1185 711 1316 775 Crusius

249 822 304 902 (de
329 822 423 884 Babr.
448 831 510 884 aet.
536 841 611 903 pag.
640 838 703 898 240
727 821 838 883 infima
861 833 894 883 et
916 822 947 882 in
972 818 1209 901 encyclopedia
1226 819 1315 899 Paly-

137 984 140 992 .
250 929 431 992 Wissowae
466 929 494 990 ll
530 949 606 1010 pag.
645 929 743 1008 2662)
779 930 824 990 ita
859 949 898 990 ea
927 928 1134 1008 interpretati
1171 937 1255 1002 sunt,
1281 937 1316 988 ut

250 1022 387 1099 Babrius
419 1047 496 1118 post
519 1035 635 1098 librum
660 1036 673 1097 Ι
697 1037 817 1098 editum
843 1036 892 1097 his
916 1034 1022 1096 uerbis
1047 1055 1168 1096 nouum
1193 1033 1316 1102 lectori-

250 1142 311 1205 bus
346 1143 525 1209 fabularum
560 1143 676 1205 librum
700 1144 850 1205 traderet.
891 1139 949 1204 Cui
974 1143 1153 1204 sententiae
1177 1141 1315 1204 Hartun-

249 1252 322 1331 gius
357 1251 376 1314 l.
413 1251 431 1312 l.
463 1271 538 1332 pag.
569 1269 602 1312 11
630 1250 741 1313 infima
764 1251 924 1312 accedens
949 1250 1216 1330 interpretatione
1237 1250 1316 1315 satis

249 1378 327 1420 sane
351 1358 490 1420 obscura
515 1378 589 1439 pag.
620 1371 677 1437 135
705 1357 803 1420 uerba
827 1358 1011 1438 germanice
1035 1355 1209 1419 transtulit:
1231 1357 1316 1418 »und

248 1487 285 1528 so
310 1467 352 1527 im
376 1467 509 1528 zweiten
535 1463 632 1546 Gang
655 1466 704 1527 dir
728 1466 833 1527 dieses
857 1465 946 1527 Buch
963 1465 1110 1545 singen».
1146 1463 1230 1525 Huic
1249 1465 1315 1544 opi-

249 1574 339 1635 nioni
363 1573 547 1636 resistentes
570 1571 681 1634 Keller
704 1572 798 1650 (tiber
821 1573 874 1633 die
898 1571 1093 1634 Geschichte
1117 1571 1175 1632 der
1191 1570 1313 1648 griech.
1371 1566 1379 1582 ²

249 1679 349 1742 Fabel
374 1701 449 1762 pag.
475 1679 551 1764 408)
572 1691 608 1760 et
632 1679 780 1741 Hochius
803 1679 858 1755 (de
882 1678 990 1741 Babrii
1014 1677 1129 1740 sabulis
1157 1680 1316 1759 corruptis

250 1798 348 1868 atque
373 1785 574 1869 interpolatis
598 1807 672 1867 pag.
704 1785 752 1870 15)
777 1787 978 1849 contendunt
1003 1786 1112 1860 uerba,
1138 1785 1315 1866 dequibus

249 1896 363 1976 agitur,
404 1895 556 1956 »iterumn
585 1892 794 1975 intelligenda
818 1913 900 1968 esse,
925 1904 960 1955 ut
983 1893 1024 1954 ad
1050 1913 1170 1956 nouam
1195 1892 1315 1954 sabula-

250 2022 318 2064 rum
355 2003 417 2064 iam
442 2013 517 2064 ante
541 2002 699 2064 editarum
725 2002 948 2063 recensionem
973 2000 1173 2062 reserrentur.
1222 1999 1316 2082 Quae

249 2110 407 2171 dissensio
443 2119 477 2171 ut
512 2109 714 2184 diiudicetur,
751 2127 884 2170 necesse
915 2109 974 2169 erit
998 2127 1182 2170 sermonem
1206 2107 1314 2168 Babrii

249 2217 350 2297 ipsius
384 2215 562 2278 consulere.
611 2215 668 2277 Ad
700 2216 891 2278 sententiam
917 2235 1009 2277 suam
1033 2214 1314 2295 comprobandam

250 2323 396 2386 Hochius
431 2324 526 2386 Babr.
558 2336 611 2402 95,
642 2339 700 2385 102
726 2332 758 2384 et
787 2339 856 2400 114,
885 2336 899 2401 5
927 2321 1067 2403 protulit,
1094 2321 1212 2402 quibus
1236 2319 1315 2383 locis

250 2432 349 2492 uerba
384 2431 500 2494 eodem
536 2431 636 2494 modo
677 2431 830 2493 uterum»
864 2429 1092 2510 significarent.
1141 2427 1176 2492 Si
1206 2438 1314 2491 autem

250 2537 403 2618 exempla
437 2559 476 2599 ea
511 2538 658 2602 eiusdem
691 2537 852 2612 dictionis,
885 2557 968 2618 quae
1005 2537 1115 2598 citauit
1139 2536 1315 2599 Zachariae

250 2646 304 2724 (de
338 2645 481 2708 dictione
505 2645 676 2723 Babriana,
702 2666 777 2726 pag.
805 2645 868 2728 26),
893 2645 1198 2719 examinauerimnS,
1216 2664 1315 2726 appa-

250 2752 334 2816 rebit
367 2754 397 2815 ei
424 2754 531 2814 inesse
556 2755 731 2826 notionem,
757 2772 842 2833 quae
865 2751 1060 2814 dictionibus
1088 2751 1146 2812 »ἐκ
1168 2748 1314 2830 πρώτου,

250 2861 288 2922 ἐκ
311 2859 443 2939 τρίτου»
463 2862 580 2922 eodem
606 2860 672 2922 fere
697 2859 796 2921 modo
821 2869 1016 2940 opponatur,
1042 2860 1209 2940 quomodo
1234 2859 1315 2920 inter

249 2987 284 3029 se
308 2967 508 3048 respondent
535 2968 702 3048 »primum
728 2967 857 3042 deinde,
871 2970 982 3029 tum».
1023 2966 1122 3028 Vnde
1137 2967 1235 3028 etiam
1252 2966 1315 3028 fac·

248 3085 315 3136 tum
340 3084 390 3137 est
413 3085 448 3136 ut
471 3075 607 3138 dictioni
634 3073 691 3136 »τὸ
716 3071 776 3156 μὲν
798 3075 950 3154 πρῶτον»
972 3073 1046 3136 loco
1064 3075 1169 3154 primo
1186 3073 1314 3154 positae
1368 3119 1373 3128 .

249 3183 432 3246 narratione
455 3183 684 3264 progrediente
708 3182 794 3244 haud
819 3203 890 3245 raro
915 3183 1151 3263 responderent
1179 3181 1218 3242 ἐκ
1241 3179 1315 3244 δευ·

248 3289 361 3369 τέρου,
402 3291 440 3351 ἐκ
478 3288 601 3369 τρίτου,
642 3300 677 3352 ut
715 3291 747 3351 in
771 3288 926 3371 exemplo
951 3287 1059 3352 Halm.
1091 3305 1128 3366 19
1156 3286 1314 3367 »κάκείνη

249 3395 423 3479 ἀρξαμένη
446 3395 485 3458 τὸ
510 3393 570 3479 μέν
592 3397 726 3476 πρῶτον
753 3397 795 3459 τὰ
818 3393 883 3475 ὄρη
900 3395 1074 3477 ἐξέφηνεν,
1092 3396 1131 3456 ἐκ
1147 3392 1313 3474 δευτέρου

226 3501 289 3565 ’δὲ
327 3502 556 3586 έκροφήσασα
593 3503 650 3567 καὶ
685 3505 727 3566 τὰ
760 3502 861 3566 πεδία
890 3501 1150 3586 ἀπεγύμνωσεν»
1179 3514 1315 3583 apparet

252 3610 310 3674 »τὸ
346 3609 406 3694 μὲν
435 3613 569 3691 πρῶτον
598 3599 639 3657 4-
664 3613 703 3674 έκ
727 3609 893 3691 δευτέρου
918 3609 975 3672 δέ»
1004 3610 1081 3673 nihil
1105 3609 1191 3672 aliud
1215 3631 1313 3690 quarn

253 3720 559 3800 »primum-deinde»
612 3719 803 3800 significare.
864 3718 972 3801 Quam
1007 3720 1072 3780 uim
1108 3738 1207 3800 quum
1252 3719 1314 3780 hoc

248 3847 379 3909 quoque
414 3825 487 3888 loco
511 3828 645 3890 dictioni
668 3828 807 3890 tribuere
832 3846 965 3888 necesse
988 3827 1039 3900 sit,
1064 3836 1097 3888 et
1121 3826 1314 3906 pronomine

252 3931 389 4013 »τήνδετ
418 3935 561 3996 eiusdem
587 3953 698 3996 uersus
723 3935 932 4015 oppositione
955 3934 1034 3996 satis
1056 3933 1141 3996 clara
1154 3933 1314 4012 exprima-

248 4052 298 4103 tur
321 4042 407 4103 hunc
432 4039 546 4103 librum
573 4040 647 4102 nihil
674 4062 747 4103 cum
773 4043 879 4121 priore
903 4061 1075 4102 commune
1099 4040 1228 4110 habere,
1247 4060 1311 4101 non
