3244 4868
737 404 790 412 -...
809 382 846 428 10
871 400 913 415 η.

289 581 342 660 qui
381 581 411 640 in
444 578 678 660 encyclopedia
709 581 890 642 Wisso‘wae
915 581 952 655 ll,
980 581 1064 660 2658
1089 601 1160 661 sqq.
1186 581 1354 648 contendit
1395 657 1398 662 Ι

289 687 456 767 prooemia
491 687 652 749 Rabriana
687 685 842 749 auxilium
879 688 974 750 nobis
1004 688 1163 768 optimum
1188 687 1353 768 praebere,

290 814 356 875 quo
393 795 604 876 exquiramus
632 795 749 876 quibus
772 794 959 857 auctoribus
982 795 1015 856 in
1040 793 1156 856 sabulis
1178 795 1246 856 suis
1270 813 1354 856 com·

289 901 451 981 ponendis
487 908 584 981 pocta
620 921 696 963 usus
730 902 780 974 sit,
818 921 858 962 ex
893 902 1062 982 prooemio
1086 902 1192 982 priore
1216 901 1352 982 (proleg.

289 1028 364 1089 pag.
397 1007 533 1092 XXXII)
557 1007 722 1070 concludit
746 1007 827 1070 libro
852 1009 949 1088 priori
974 1008 1107 1070 subesse
1130 1008 1353 1072 collectionem

287 1116 454 1196 antiquam
494 1114 693 1196 Aesopeam.
743 1115 870 1177 Deinde
909 1116 936 1176 si
975 1135 1085 1176 uersus
1126 1116 1252 1192 14-—16
1285 1136 1353 1196 pro·

288 1223 383 1285 oemii
419 1223 666 1304 respexerimus
703 1222 875 1303 apparebit
911 1222 1062 1284 Babrium
1097 1221 1247 1303 syllogen
1282 1243 1353 1285 eam

288 1330 476 1409 Aesopeam
503 1350 600 1410 prosa
623 1331 769 1392 oratione
793 1331 946 1411 scriptam
967 1327 1025 1413 [sic
1042 1331 1126 1392 enim
1145 1329 1354 1410 intelligenda

287 1457 360 1500 esse
383 1437 482 1500 uerba
510 1439 588 1516 »τῆς
612 1436 799 1515 ἐλευθέρης
815 1435 963 1518 μούσης»
980 1437 1096 1498 eodem
1115 1457 1203 1499 anno
1220 1437 1354 1499 Rutlrer·

291 1543 413 1606 sordius
437 1545 469 1605 in
493 1545 727 1606 commentario
752 1545 879 1606 monuit
903 1555 935 1607 et
959 1544 1089 1608 Crusius
1109 1544 1218 1624 Jahrb.
1244 1543 1264 1606 s.
1286 1544 1354 1606 Phi-

288 1650 340 1714 lol.
377 1650 530 1713 CXXVII
556 1671 587 1732 p.
615 1667 678 1730 239
703 1649 938 1735 comprobauitl
964 1652 1110 1714 uersibus
1133 1651 1355 1714 choliambicis
1389 1635 1391 1640 ¹

288 1757 514 1821 includendam
550 1759 610 1820 sibi
646 1759 832 1838 sumpsisse.
880 1758 913 1819 A
947 1759 1105 1840 principio
1129 1760 1225 1839 igitur
1248 1760 1281 1821 id
1306 1779 1353 1820 so·

289 1865 353 1927 lum
384 1865 446 1927 sibi
470 1867 641 1946 proposuit
665 1865 801 1928 Babrius
825 1875 859 1928 ut
883 1864 1008 1928 fabulas
1032 1866 1159 1947 Aesopi
1183 1866 1287 1928 forma
1311 1867 1354 1928 iu·

288 1975 394 2035 cunda
418 1973 566 2034 Brancho
591 1971 749 2054 discipulo
774 1973 924 2036 traderet.
972 1971 1066 2054 Quae
1090 1993 1188 2054 quum
1213 1974 1257 2034 ita
1279 1973 1353 2047 sint,

288 2082 318 2142 ln
344 2078 426 2142 libro
451 2081 556 2160 priore
581 2081 789 2160 reponendae
814 2090 888 2142 sunt
911 2099 970 2142 eae
994 2079 1083 2142 solae
1108 2079 1245 2154 fabulae,
1271 2099 1354 2160 quae

288 2188 330 2250 ad
354 2185 504 2268 syllogen
530 2187 719 2268 Aesopeam
744 2187 910 2268 antIquam
929 2187 1116 2250 referendae
1133 2188 1353 2268 sophistarum

290 2295 518 2387 rhetorumque
560 2306 629 2356 arte
664 2295 806 2356 maxime
840 2305 960 2356 carent.
1009 2293 1108 2374 Quod
1133 2294 1262 2374 quidem
1288 2315 1354 2376 quo

288 2402 402 2464 ordine
422 2399 553 2463 fabulae
581 2401 680 2463 hodie
704 2403 735 2463 in
760 2400 927 2464 codicibus
951 2411 1092 2476 exstant,
1118 2422 1216 2482 quum
1242 2421 1372 2464 secun·
1453 2479 1456 2486 Δ

289 2509 365 2572 dum
390 2507 601 2589 alphabetum
626 2507 816 2589 plerumque
830 2508 1054 2588 proferantur,
1078 2509 1166 2570 haud
1191 2507 1284 2571 facile
1308 2507 1352 2570 fit.

290 2617 402 2697 ltaque
437 2617 469 2677 in
492 2615 554 2678 hac
578 2615 821 2696 perturbatione
845 2616 994 2678 codicum
1020 2615 1115 2678 nobis
1138 2635 1272 2678 necesse
1295 2617 1354 2678 erit

288 2744 330 2784 ex
366 2723 565 2804 argumentis
601 2733 633 2784 et
658 2724 782 2785 ratione
812 2723 963 2785 narrandi
988 2721 1167 2786 fabularum
1192 2720 1363 2804 colligere·

289 2850 372 2909 quae
395 2828 477 2891 libro
501 2830 608 2909 priori,
635 2850 719 2910 quae
745 2831 914 2911 posteriori
939 2830 1151 2892 ascribendae
1161 2830 1239 2891 sint.
1280 2830 1354 2910 Ipse

289 2937 419 3016 quidem
450 2947 562 2998 auctor
585 2937 617 2999 in
641 2937 787 3000 uersibus
810 2937 831 2998 6
853 2953 917 3015 —13
942 2938 1099 3018 prooemii
1115 2937 1255 2999 breuiter
1270 2957 1354 3018 quae

288 3054 480 3124 argumenta
503 3046 534 3105 in
558 3044 648 3106 sonte
671 3065 731 3106 suo
755 3044 913 3124 Aesopeo
938 3045 1070 3107 inuenta
1094 3045 1126 3106 in
1150 3043 1231 3107 libro
1248 3044 1355 3124 priore

289 3160 392 3212 metro
428 3152 659 3233 perscripserit,
696 3152 790 3215 nobis
826 3152 955 3214 indicat.
1004 3151 1049 3214 Vt
1078 3153 1108 3213 in
1133 3151 1183 3213 his
1209 3151 1354 3214 uersibus

289 3256 466 3338 pollicetur,
501 3259 544 3320 ita
575 3260 606 3320 in
631 3258 747 3322 sabulis
772 3276 800 3338 3,
831 3260 879 3334 16,
910 3274 957 3333 17,
988 3276 1026 3337 19
1049 3269 1110 3321 etc.
1136 3257 1287 3322 animalia
1311 3256 1353 3319 lo·

290 3366 432 3446 quentia,
469 3367 501 3426 in
538 3369 578 3444 38
615 3367 710 3446 pinus
746 3368 950 3440 inducuntur,
976 3367 1017 3427 de
1041 3364 1150 3428 sabula
1176 3367 1217 3428 26
1241 3385 1355 3428 uersus

294 3488 326 3534 11
355 3472 512 3534 obscurus
537 3472 668 3554 intelligi
693 3482 812 3554 potest.
853 3471 947 3553 Quae
970 3483 1161 3552 argumenta
1186 3474 1216 3534 in
1241 3493 1353 3554 prooe-

290 3580 355 3642 mio
380 3590 636 3643 commemorata
661 3583 749 3661 apud
774 3580 925 3642 Rubrium
944 3599 1009 3641 non
1025 3589 1204 3653 occurrunt,
1223 3599 1261 3642 ea
1277 3580 1353 3661 quin

289 3706 330 3749 ex
365 3686 557 3749 collectione
581 3688 773 3768 primigenia
796 3688 917 3748 incuria
941 3685 1140 3749 librariorum
1165 3687 1353 3762 exciderint,
1427 3759 1429 3764 ¹

289 3814 354 3855 non
390 3805 439 3856 est
474 3793 698 3858 dubitandum.
752 3794 874 3856 Versus
908 3794 993 3855 eninr
1029 3795 1188 3874 prooemii
1221 3811 1242 3872 9
1276 3795 1355 3856 satis

289 3902 504 3983 comprobare
539 3903 667 3963 uidetur
701 3903 798 3963 etiarn
834 3921 854 3962 a
882 3900 1001 3962 Babrio
1026 3900 1172 3964 insonte
1197 3901 1354 3982 Aesopeo

289 4007 386 4076 talem
422 4007 572 4076 fabellam
609 4007 724 4078 lectam
764 4029 844 4082 esse,
881 4006 1010 4099 qualem
1046 4009 1167 4078 habent
1191 4009 1355 4080 Phaedrus
