3260 4882
773 411 973 472 -124-
1084 468 1086 473 .

339 609 402 670 hoc
425 606 498 670 loco
522 608 685 671 adhibitas
709 607 850 670 uoluisse
866 609 941 670 inde
961 607 1221 671 concludendum
1239 619 1297 682 est,
1315 609 1404 690 quod

339 727 460 790 monet,
484 726 519 778 ut
543 715 668 778 sabulas
692 716 733 778 ad
758 717 935 778 sententias
959 714 1127 796 generales
1150 735 1168 778 e
1192 714 1309 778 sabulis
1333 737 1405 796 pro·

338 833 459 886 tractas
497 823 630 904 fingant,
672 821 901 904 discipulorum
938 843 1036 905 quam
1073 825 1215 885 maxime
1249 824 1405 886 interesse

338 940 540 1011 argumenta,
578 951 661 1012 quae
690 941 745 992 aut
769 951 787 992 e
810 931 937 1011 scriptis
961 941 1106 992 ueterum
1131 931 1327 1011 sumpserint
1350 944 1406 992 aut

338 1039 519 1100 audiuerint
557 1049 613 1100 aut
648 1039 709 1119 ipsi
743 1039 1011 1119 excogitauerint,
1047 1039 1079 1101 in
1104 1040 1260 1100 memoria
1284 1047 1404 1100 tenere.

338 1145 437 1227 Quod
474 1146 515 1207 ad
551 1145 704 1207 Babrium
740 1147 864 1220 attinet,
901 1147 963 1207 iam
995 1146 1048 1207 diu
1073 1147 1155 1208 inter
1177 1146 1264 1207 uiros
1287 1145 1406 1206 doctos

337 1262 468 1315 constat
490 1252 541 1338 (cf.
567 1251 773 1315 Ruthersord.
800 1251 923 1334 proleg.
949 1273 1024 1334 pag.
1048 1252 1158 1316 XLIV
1174 1272 1245 1334 sqq.
1263 1262 1296 1313 et
1313 1251 1404 1314 Crus.

338 1361 370 1422 in
405 1358 530 1441 encycl.
567 1361 664 1422 Wiss
695 1359 793 1444 2663)
817 1380 891 1422 eum
915 1370 1019 1422 totam
1043 1361 1158 1422 seriem
1183 1357 1362 1422 fabularum
1388 1379 1406 1421 e

338 1468 518 1548 prouerbiis
541 1469 739 1530 extendisse.
788 1469 897 1530 Minus
920 1478 1030 1530 autem
1046 1469 1212 1549 cognitum
1229 1487 1302 1530 esse
1320 1467 1406 1530 uide-

337 1585 389 1637 tur
404 1577 500 1638 etiam
518 1575 699 1650 Phaedrum
716 1576 778 1637 hac
801 1577 833 1636 in
851 1595 885 1636 re
902 1576 1065 1638 rhetorum
1082 1576 1277 1651 imitatorem
1295 1595 1407 1656 proce·

338 1682 424 1744 dere.
472 1683 574 1744 Recte
609 1704 627 1744 e
661 1681 805 1763 prologis
829 1682 1055 1746 concluserunt
1078 1683 1136 1744 uiri
1160 1683 1249 1744 docti
1273 1681 1405 1767 (Havet‚

339 1788 516 1863 Vandaele‚
543 1788 606 1875 alii)
630 1790 809 1852 Phaedrum
834 1791 867 1853 in
888 1789 976 1852 libris
992 1791 1057 1852 suis
1074 1790 1307 1870 posterioribus
1323 1789 1404 1852 sonti

338 1898 444 1959 minus
490 1898 777 1960 obnoxium‘esse
811 1897 1059 1980 liberioremque
1094 1907 1233 1960 exstare.
1292 1897 1406 1978 Atque

337 2006 370 2066 in
394 2006 594 2086 argumentis
618 2005 813 2068 adhibendis
836 2005 1016 2067 Phaedrum
1033 2027 1109 2068 uere
1125 2004 1260 2068 liberum
1277 2015 1407 2068 exstare

338 2111 432 2174 facile
455 2121 505 2173 est
528 2113 680 2187 inuenire,
705 2114 732 2174 si
757 2122 864 2175 autem
889 2133 953 2194 qua
974 2115 1097 2174 ratione
1112 2123 1202 2176 ortae
1218 2114 1283 2176 sint
1298 2133 1406 2176 nouae

338 2217 410 2282 illae
434 2218 572 2294 fabulae,
598 2221 860 2301 quaesiuerimus,
886 2220 1066 2301 apparebit,
1092 2221 1200 2294 cred0,
1222 2220 1406 2284 Phaedrum

340 2326 529 2408 plerumque
560 2337 592 2388 et
615 2328 720 2408 ipsum
746 2329 887 2388 rationes
911 2349 930 2390 a
954 2327 1136 2390 rhetoribus
1159 2328 1407 2391 commendatas

338 2434 536 2497 adhibuisse.
584 2434 684 2516 Quod
719 2435 804 2496 enim
835 2436 867 2497 in
891 2433 1029 2516 prologo
1053 2435 1098 2498 III
1122 2455 1157 2497 se
1181 2434 1308 2516 Aesopi
1332 2433 1406 2498 stilo

339 2543 467 2604 tertium
503 2540 618 2604 librum
644 2552 850 2604 exaraturum
874 2561 946 2604 esse
970 2542 1139 2623 profitetur
1161 2552 1194 2604 et
1218 2544 1250 2605 in
1274 2541 1407 2623 epilogo

339 2649 384 2710 ΙΙΙ
408 2659 557 2712 autumat
579 2659 705 2712 tantam
728 2667 764 2712 se
787 2651 941 2712 materiae
964 2651 1094 2730 copiam
1117 2649 1248 2724 habere,
1265 2659 1300 2712 ut
1316 2648 1408 2712 faber

340 2755 452 2831 labori,
478 2777 545 2818 non
569 2757 661 2819 fabro
685 2756 778 2818 labor
801 2758 894 2831 desit,
920 2767 952 2818 et
972 2756 1160 2838 in'prologo
1177 2757 1224 2819 IV
1237 2758 1408 2820 contendit

339 2885 375 2926 se
398 2874 527 2926 uetusto
544 2851 672 2945 genere,
694 2864 752 2926 sed
769 2865 865 2926 rebus
881 2865 975 2927 nouis
992 2883 1086 2926 usum
1103 2884 1184 2939 esse,
1202 2865 1407 2928 haecomnia

340 2972 427 3034 dieta
462 2973 505 3034 de
532 2981 665 3034 auctore
688 2973 829 3034 rationes
853 2971 1017 3034 rhetorum
1041 2982 1154 3034 secuto
1179 2973 1284 3053 accipi
1307 2993 1408 3053 posse

340 3080 540 3142 crediderim.
589 3078 688 3160 Quod
724 3080 809 3141 enim
845 3080 922 3142 dicit
956 3099 992 3142 se
1016 3079 1144 3160 Aesopi
1167 3078 1273 3142 stilum
1298 3089 1331 3142 et
1355 3101 1407 3142 ue·

340 3198 461 3249 tustum
486 3207 599 3268 genus
624 3189 683 3248 sed
706 3207 757 3248 res
781 3207 884 3249 nouas
903 3187 1099 3263 adhibuisse,
1117 3186 1264 3250 confiteri
1280 3187 1408 3250 uidetur

340 3314 376 3356 se
403 3294 582 3356 rationibus
605 3293 766 3357 scribendi
791 3295 915 3375 graecis
939 3314 1033 3356 usum
1058 3304 1251 3375 argumenta
1274 3315 1294 3357 a
1318 3293 1407 3356 labu-

340 3400 496 3463 latoribus
530 3422 596 3464 non
630 3411 707 3465 ante
740 3403 773 3465 in
801 3422 894 3464 usum
918 3421 1085 3476 conuersa,
1111 3421 1193 3483 quae
1217 3400 1407 3483 plerumque

341 3493 465 3590 origine
499 3529 634 3571 romana
659 3508 755 3570 fuisse
783 3510 891 3584 cred0,
916 3510 1115 3584 tractauisse,
1141 3529 1246 3590 neque
1270 3508 1407 3572 multum

341 3617 419 3678 mihi
453 3617 580 3678 uidetur
608 3615 698 3691 locis,
723 3637 806 3698 quos
828 3617 907 3692 dixi,
933 3637 952 3678 a
975 3617 1156 3679 rhetoribus
1180 3615 1230 3701 (cf.
1257 3615 1309 3679 W.
1335 3617 1348 3678 I
1373 3637 1405 3698 p.

347 3724 417 3806 174)
459 3724 632 3786 abhorrere
671 3724 878 3787 monentibus
915 3723 1042 3786 fabulas
1063 3703 1195 3786 'omnes
1233 3723 1408 3805 Aesopeas

341 3830 521 3913 appellatas
556 3852 638 3906 esse,
674 3852 739 3893 non
774 3833 863 3913 quod
899 3831 1053 3912 Aesopus
1082 3833 1203 3913 primus
1227 3843 1282 3894 aut
1305 3831 1405 3907 solus,

342 3941 399 4002 sed
428 3942 517 4021 quod
542 3941 664 4021 optime
689 3941 833 4001 omnium
858 3938 983 4001 fabulas
1006 3940 1261 4020 conscripsisset.
1310 3939 1407 4000 Phae-

342 4045 448 4108 drum
469 4058 578 4109 autem
613 4057 805 4127 argumenta
829 4044 881 4108 illa
905 4065 990 4108 noua
1014 4056 1205 4108 tractantem
1230 4056 1407 4129 praecepta

342 4175 390 4231 ea,
426 4175 510 4236 quae
538 4156 635 4216 etiam
659 4154 800 4216 nuncin
826 4135 953 4234 scriptis
979 4153 1142 4216 rhetorum
1167 4155 1261 4216 nobis
1277 4164 1407 4218 seruata
