3260 4882
638 341 862 444 '-a9..

237 581 341 643 solum
377 580 473 642 nobis
508 590 616 654 restat,
654 591 688 641 ut
722 600 763 641 ex
799 574 1111 658 natura'et-genere
1135 597 1302 658 argumen-

237 700 342 751 torum
366 687 600 750 concludamus
624 707 707 768 quae
732 687 793 762 huc
818 673 927 748 referri
951 688 1086 766 possint.
1128 686 1212 748 Nam
1238 686 1300 750 iam
1406 761 1408 764 ¹

238 815 294 878 per
329 817 364 858 se
388 795 480 857 facile
503 805 640 876 apparet
663 795 749 856 hanc
772 815 902 876 quoque
926 804 1051 875 partem
1076 783 1302 858 collectionum

235 904 462 985 Aesopearum
498 913 599 965 artem
637 902 864 964 uersificatoris
899 903 941 964 ad
977 911 1169 983 argumenta
1199 912 1302 966 metro

236 1010 430 1075 includenda
459 1011 594 1072 inuitare
618 1011 762 1091 potuisse
787 1019 878 1072 tanto
903 1010 1016 1090 magis
1043 1009 1131 1090 quod
1156 1010 1187 1072 in
1212 1009 1301 1072 fonte
1378 1026 1381 1031 ·

185 1114 187 1117 ’
236 1120 352 1193 Rubrii,
383 1138 479 1200 quem
515 1109 644 1181 labente
676 1117 741 1179 sere
765 1118 957 1198 antiquitate
980 1117 1101 1180 uixisse
1123 1117 1202 1180 satis
1225 1137 1303 1178 con·

235 1238 309 1302 stat,
336 1245 489 1308 magnam
515 1227 645 1306 copiam
670 1225 781 1287 talium
806 1224 992 1288 facetiarum
1012 1235 1210 1306 ¹congestam
1228 1245 1299 1288 esse

234 1335 430 1398 eredendum
455 1344 516 1399 est.
554 1335 648 1416 Quae
672 1344 779 1398 autem
804 1357 846 1398 ex
864 1335 992 1415 Aesopi
1007 1331 1155 1414 γελοίοις
1171 1343 1302 1413 sumpta

235 1463 255 1505 a
290 1443 407 1506 Babrio
441 1443 588 1506 uersibus
620 1441 742 1506 inclusa
766 1453 867 1517 erant,
893 1463 932 1504 ea
956 1443 1054 1504 etiam
1079 1440 1218 1504 in'libro
1243 1442 1302 1522 pri-

233 1571 291 1612 ore
325 1551 467 1612 auctoris
502 1549 585 1612 lecta
620 1569 691 1613 esse
726 1571 767 1612 ex
804 1551 851 1625 iis,
886 1571 970 1632 quae
1004 1570 1104 1630 supra
1136 1549 1302 1630 disputata

233 1667 318 1732 sunt,
355 1669 501 1738 apparet.
549 1658 634 1719 Nam
664 1659 691 1720 is
715 1658 846 1738 quidem
872 1660 954 1721 inter
978 1677 1097 1739 genera
1122 1654 1301 1720 fabularum

235 1765 463 1848 Aesopearum
499 1765 627 1827 diuersa
663 1765 785 1829 nullum
808 1766 920 1828 statuit
944 1766 1128 1840 discrimen,
1152 1765 1211 1826 sed
1236 1753 1315 1826 om?

235 1875 287 1936 nia
312 1875 493 1955 promiscue
518 1875 548 1935 in
574 1893 667 1935 usum
691 1894 784 1936 suum
809 1873 971 1936 adhibuit:
1007 1871 1167 1935 Libellum
1191 1871 1301 1962 Babri-¹

234 2001 332 2044 anum
357 1982 383 2042 si
408 1979 672 2062 peruoluerimus,
697 1981 758 2043 hae
783 1982 939 2062 imprimis
964 1979 1091 2042 fabulae
1109 1979 1157 2061 ,ad
1175 1979 1302 2060 Aesopi

233 2087 353 2167 γέλοια
382 2089 542 2168 pertinere
567 2107 664 2169 posse
688 2088 851 2150 uidentur:
878 2091 908 2161 8,
934 2088 987 2162 60,
1013 2089 1065 2162 80,
1092 2090 1144 2161 81,
1170 2089 1221 2166 87,
1248 2103 1300 2164 90,

234 2197 287 2274 96,
318 2213 487 2274 100,109,
518 2213 587 2259 110.
629 2194 720 2276 Quas
744 2195 870 2258 fabulas
893 2197 918 2258 si
945 2194 1129 2277 perlegeris,
1155 2196 1301 2258 inuenias

234 2306 271 2366 iis
306 2301 458 2366 omnibns
492 2305 599 2366 inesse
633 2290 765 2385 aliquod
800 2303 884 2366 salse
918 2305 1051 2378 dictum,
1077 2305 1109 2366 in
1134 2325 1198 2384 quo
1223 2315 1300 2366 tam-

234 2431 331 2492 quam
362 2411 493 2474 cardine
516 2411 649 2474 uertitur
673 2422 742 2474 tota
766 2413 917 2474 narratio
966 2411 1063 2492 Quod
1089 2410 1302 2492 neglexerunt

235 2519 292 2580 uiri
328 2520 425 2594 docti,
462 2521 515 2600 qui
550 2517 720 2582 nonnullas
756 2520 867 2582 harum
905 2519 1083 2582 fabularum
1108 2530 1163 2582 aut
1188 2520 1298 2582 decur-

234 2637 319 2689 tatas
354 2636 409 2689 aut
445 2628 559 2690 iniuria
594 2620 714 2690 Babrio
749 2630 898 2691 addictas
933 2649 1005 2690 esse
1040 2637 1229 2702 statuerunt,
1266 2639 1300 2689 ut

230 2735 328 2796 'Babr.
367 2737 396 2809 8,
432 2736 485 2809 60,
523 2737 575 2810 80,
613 2739 664 2811 81,
702 2738 753 2816 87,
783 2753 836 2814 90,
867 2753 936 2810 100,
968 2753 1027 2798 110
1052 2734 1300 2798 Ruthersordius

234 2852 289 2904 aut
325 2842 454 2905 dubitat
489 2844 596 2904 sintne
632 2843 750 2905 Babrio
786 2844 906 2925 dignae
939 2853 995 2906 aut
1031 2843 1219 2906 decurtatas
1242 2862 1299 2906 eas

232 2969 304 3012 esse
328 2960 453 3026 censet3
478 2953 568 3031 apud
593 2951 741 3013 Crusium
767 2951 874 3032 (Babr.
902 2963 963 3014 aet.
983 2971 1058 3032 pag.
1081 2949 1152 3034 167)
1169 2951 1299 3014 inuenio

233 3059 330 3120 etiam
365 3057 601 3120 Eberhardium
638 3058 701 3122 fab.
740 3062 757 3121 8
791 3059 833 3121 ab
858 3061 1073 3141 epitomatore
1097 3060 1297 3122 decurtatam

236 3185 307 3227 esse
332 3166 549 3228 contendisse.
592 3166 689 3228 Haud
713 3168 899 3248 negauerim
921 3166 1185 3230 tetrastichistam
1201 3187 1298 3230 unam

232 3271 408 3336 alterumue
442 3273 554 3334 harum
593 3273 771 3336 fabularum
809 3275 989 3338 breuiorem
1015 3274 1119 3336 facere
1143 3275 1297 3355 potuisse,

160 3465 163 3472 ⁴
196 3366 198 3370 ¹
232 3380 290 3441 sed
326 3381 398 3461 ipsa
422 3387 536 3442 natura
560 3391 824 3461 argumentorum
849 3392 986 3463 apparet
1010 3402 1120 3444 earum
1146 3383 1299 3444 narratio·

207 3507 291 3550 nes
326 3498 358 3549 et
393 3488 424 3550 in
448 3487 626 3569 exemplari
652 3495 769 3568 po'e'tae
793 3489 944 3552 breuibus
968 3489 1074 3556 uerbis
1098 3491 1300 3571 conscriptas
1346 3551 1348 3554 .

232 3596 395 3657 exstitisse
423 3607 455 3658 et
478 3597 520 3658 ab
545 3597 617 3678 ipso
642 3597 755 3676 paucis
781 3585 927 3660 uersibus
951 3597 1166 3678 perficiendas
1191 3597 1297 3660 luisse.

232 3701 332 3783 Quod
368 3704 506 3783 primum
542 3705 584 3765 ad
620 3703 715 3767 Babr.
754 3706 920 3781 8attinet,
947 3704 1078 3768 Crusius
1102 3705 1210 3785 (Babr.
1236 3717 1298 3768 aet.

232 3831 307 3891 pag.
345 3810 417 3894 167)
441 3812 602 3873 sententia
625 3815 773 3893 responsi
797 3812 911 3876 cameli
935 3823 1022 3876 recte
1047 3813 1210 3895 explicata
1234 3835 1299 3876 om-

232 3938 290 3980 nes
313 3918 520 3982 difficultates
542 3919 710 3982 sustulisse
727 3921 804 3982 mihi
822 3922 957 3984 uidetur.
997 3922 1126 3984 Deinde
1144 3941 1298 4003 magnum
1410 3971 1412 3976 .

231 4027 273 4088 ad
324 4045 391 4088 rem
443 4027 686 4090 diiudicandam
729 4029 949 4091 adiumentum
996 4028 1113 4092 sabulis
1157 4031 1299 4110 pedestri

231 4153 381 4202 sermone
405 4135 533 4221 scriptis
557 4135 663 4202 offerri
689 4136 798 4211 cred0,
817 4138 942 4223 quaesi
959 4137 1174 4224 paraphrases
1193 4138 1298 4204 Babd-
