3260 4882
722 401 919 466 „„2..

286 599 460 684 aegrotans
484 614 517 666 et
539 623 619 684 grex
643 599 738 684 ζῴων
763 601 1035 666 ἐπισκοπούντων
1059 604 1277 682 inducuntur).
1319 603 1354 666 Si

286 708 426 772 fabulam
453 710 560 772 Babrii
584 730 658 772 cum
694 730 742 785 ea,
767 730 852 791 quae
877 720 926 772 est
950 709 1058 772 Halm.
1090 728 1160 790 131,
1187 731 1354 791 compara·

285 819 434 893 uerimus,
472 816 610 880 elucebit
645 817 829 880 narratione
864 817 1025 880 Babriana
1062 818 1197 880 formam
1227 817 1355 880 fabulae

286 925 499 1006 antiquiorem
527 924 669 1006 proferri,
689 926 842 1006 quoniam
859 924 951 987 locus
967 922 1019 986 ille
1036 926 1170 988 maximi
1186 927 1353 1000 momenti,

287 1034 340 1114 qui
375 1052 471 1094 uersu
506 1049 526 1110 9
563 1031 627 1093 lab.
665 1032 759 1095 Babr.
788 1043 934 1095 seruatus
958 1033 999 1094 de
1024 1033 1148 1114 origine
1173 1035 1353 1114 argumenti

286 1139 381 1201 nobis
405 1141 626 1202 testimonium
651 1140 796 1220 praebet,
821 1140 863 1201 ab
889 1139 997 1202 Halm.
1028 1157 1083 1218 131
1112 1141 1246 1202 omnino
1264 1161 1352 1221 prae-

286 1247 480 1309 termittitur.
529 1245 619 1321 Alia
644 1257 752 1309 autem
791 1247 936 1310 eiusdem
973 1249 1154 1327 argumenti
1190 1223 1354 1328 expositio

287 1374 384 1435 quum
421 1352 508 1415 nullo
544 1352 617 1416 loco
652 1364 768 1429 exstet,
803 1353 975 1417 uerisimile
1001 1355 1128 1417 uidetur
1152 1375 1223 1416 esse
1248 1357 1353 1436 ipsum

287 1461 449 1536 Babrium,
474 1482 540 1542 qua
564 1471 632 1522 erat
653 1463 830 1524 carminum
849 1461 1089 1524 Hesiodeorum
1105 1463 1248 1537 scientia,
1268 1462 1355 1524 sabu-

285 1567 349 1629 lam
389 1569 622 1648 composuisse.
670 1567 777 1630 Etiam
817 1567 958 1630 fabulam
1000 1572 1052 1644 88,
1089 1590 1186 1650 quam
1223 1579 1354 1632 auctore

286 1675 400 1738 Crusio
436 1665 541 1759 (Babr.
578 1685 640 1737 aet.
677 1696 709 1757 p.
748 1692 810 1752 204
846 1677 920 1738 adn.
963 1678 991 1752 1)
1028 1675 1151 1738 Gellius
1181 1678 1220 1752 ll,
1248 1693 1288 1757 29
1311 1698 1354 1738 ex

286 1783 393 1844 Ennio
429 1783 656 1862 transscripsit,
694 1782 807 1844 eadem
846 1781 911 1845 lere
946 1803 1044 1845 causa
1073 1783 1115 1846 ab
1140 1785 1211 1864 ipso
1236 1784 1354 1846 Babrio

286 1911 327 1952 ex
353 1897 451 1970 poeta
475 1899 583 1952 uetere
607 1891 742 1970 petitam
766 1911 838 1952 esse
861 1891 1059 1952 credendum
1085 1901 1143 1952 est.
1183 1891 1239 1954 Ad
1262 1893 1354 1972 origi-

237 1994 241 2001 ’
286 2016 360 2058 nem
397 1996 460 2058 sab.
501 2013 560 2074 114
585 1997 760 2060 eruendam
786 1999 884 2059 credo
910 1997 1057 2060 Crusium
1081 1997 1217 2082 (encycl.
1243 1997 1354 2077 Pauly-

281 2103 385 2167 ·Wiss.
422 2104 461 2178 lI,
498 2125 528 2185 p.
561 2103 657 2188 2664)
682 2114 768 2166 recte
792 2090 986 2184 produxisse
1011 2103 1201 2167 Callimachi
1223 2128 1273 2187 ep.
1303 2119 1352 2185 55,

286 2212 374 2292 quod
409 2211 436 2273 si
466 2210 705 2291 perlegerimus,
731 2211 902 2292 apparebit
927 2211 1067 2274 fabulam
1092 2211 1200 2274 Babrii
1225 2234 1264 2274 ea
1289 2213 1354 2275 fere

285 2339 384 2380 causa
408 2319 562 2397 scriptam
586 2338 668 2391 esse,
694 2329 728 2382 ut
745 2319 867 2380 exitum
885 2320 1128 2400 epigrammatis
1146 2319 1354 2383 Callimachei

286 2427 389 2487 ironia
413 2426 629 2505 impugnaret.
669 2424 826 2488 Versibus
842 2427 928 2488 enim
946 2427 1039 2488 Babr.
1054 2443 1133 2504 114,
1156 2444 1236 2506 1-—3
1255 2427 1353 2490 uerba

196 2540 198 2546 '
284 2533 543 2614 epigrammatis:
588 2529 732 2612 »ἕσπερε
769 2533 840 2610 πῶς
879 2531 1018 2610 interreg»
1062 2533 1163 2595 fusius
1203 2536 1353 2614 exposita

286 2660 380 2702 uersu
403 2657 424 2716 4
448 2637 567 2700 lumine
587 2638 737 2709 lucernae
753 2641 915 2702 exstincto
934 2642 1057 2702 ratione
1074 2642 1171 2703 risum
1189 2643 1354 2703 excitante

288 2745 496 2808 illustrantur.
522 2745 678 2808 Fabulam
716 2763 774 2827 117
805 2746 935 2809 Crusius
953 2747 1197 2829 (encyclopaed.
1211 2748 1309 2810 Wiss.
1324 2748 1353 2809 11

285 2874 316 2934 p.
356 2854 455 2933 2664)
479 2874 521 2915 ex
546 2853 703 2934 Aeschyli
728 2853 818 2935 Sept.
844 2867 926 2916 uera.
955 2856 1123 2934 585-·591
1153 2866 1257 2917 ortam
1282 2876 1353 2916 esse

287 2971 373 3022 recte
389 2961 479 3023 uidit.
506 2961 673 3022 Postremo
683 2961 779 3023 etiam
789 2960 931 3022 fabulam
942 2961 1036 3023 Babr.
1052 2963 1111 3024 126
1122 2961 1350 3045 (Schneidew.)

287 3093 331 3124 z
352 3085 408 3146 141
429 3065 555 3150 (Qus),
573 3088 637 3148 qua
649 3067 744 3130 'Attis
756 3079 1038 3142 commemoratur,
1049 3071 1165 3132 eodem
1175 3069 1240 3132 fere
1250 3071 1350 3130 modo

285 3196 326 3236 ex
350 3185 449 3256 poeta
473 3176 584 3237 nescio
609 3196 675 3256 quo
700 3175 936 3250 Alexandrina
963 3196 1046 3256 quos
1070 3175 1146 3238 talia
1163 3187 1353 3258 argumenta

284 3283 315 3343 in
328 3281 450 3346 deliciis
463 3282 616 3344 habuisse
633 3292 771 3356 constat,
786 3293 974 3364 excerptam
987 3303 1059 3344 esse
1072 3269 1279 3346 statuendum
1293 3295 1351 3346 est.

392 3390 462 3452 Has
497 3390 595 3470 igitur
624 3410 739 3452 omnes
763 3388 904 3452 fabulas:
930 3408 960 3469 9,
988 3407 1039 3470 33,
1064 3391 1117 3468 46,
1144 3407 1195 3471 70,
1222 3393 1272 3466 88,
1298 3393 1351 3469 98,

290 3513 360 3574 114,
383 3513 453 3576 117,
477 3498 547 3571 126,
571 3510 640 3576 135,
659 3518 744 3578 quae
760 3507 815 3559 aut
832 3507 920 3560 totae
937 3508 991 3560 aut
1008 3519 1048 3560 ex
1067 3510 1159 3578 parte
1176 3508 1352 3579 praecepto

284 3602 327 3665 illi
352 3602 496 3666 Theonis
513 3605 743 3666 conuenienter
759 3625 778 3666 e
794 3605 922 3685 scriptis
939 3615 1083 3667 ueterum
1101 3598 1250 3685 sumptae
1266 3616 1350 3680 sunt,

284 3731 355 3772 eam
394 3711 497 3791 ipsam
533 3711 577 3773 ob
613 3732 680 3774 rem
715 3712 816 3773 dubio
853 3711 964 3792 procul
995 3714 1037 3774 ad
1061 3722 1164 3774 artem
1189 3711 1350 3776 rhetorum

282 3817 471 3883 referendae
496 3829 527 3881 et
551 3818 632 3881 libro
657 3818 764 3881 Babrii
789 3820 958 3898 posteriori
984 3821 1200 3882 restituendae
1219 3829 1307 3881 sunt.

713 4123 926 4135 ..-——,---
