3244 4868
772 391 949 453 -42-

436 588 503 650 lam
531 589 627 668 igitur
650 609 692 650 ex
712 589 773 650 hac
798 609 831 649 re
847 587 999 669 colligere
1016 587 1090 651 licet
1105 588 1221 650 nullius
1237 591 1394 652 momenti

328 715 400 757 esse
434 696 524 776 quod
559 694 687 758 fabulae
721 695 810 777 apud
845 695 1026 759 Phaedrum
1053 696 1216 759 breuiores
1250 706 1391 760 exstant.

329 802 379 864 De
414 802 532 878 fabula,
570 823 654 884 quae
688 813 739 864 est
773 803 814 864 de
850 802 956 884 uulpe,
984 804 1107 866 moneri
1131 813 1241 884 potest
1264 824 1337 866 eam
1361 806 1394 866 in

328 920 444 990 quarto
467 910 604 972 Phaedri
629 908 710 971 libro
734 921 872 984 exstare,
891 911 946 972 ubi
962 912 1046 973 uiam
1065 909 1246 974 liberiorem
1262 921 1393 974 secutus

328 1026 386 1078 est.
434 1015 585 1079 Ceterum
621 1037 662 1078 ex
699 1016 787 1079 sonte
821 1037 897 1079 uere
932 1016 1090 1099 Aesopeo
1127 1019 1224 1080 etiam
1243 1018 1395 1082 'Phaedri

329 1122 471 1186 fabulam
506 1124 655 1186 haustam
691 1144 763 1186 esse
798 1125 830 1186 id
865 1125 944 1186 satis
978 1129 1182 1206 comprobat,
1207 1111 1394 1206 quodcum

328 1229 436 1293 fabula
471 1229 580 1294 Halm.
618 1248 657 1309 33
690 1251 789 1312 quum
814 1233 846 1293 in
871 1230 941 1292 aliis
964 1241 1032 1293 tum
1056 1251 1096 1294 ea
1119 1233 1150 1294 in
1176 1252 1209 1294 re
1233 1234 1392 1314 congruit,

328 1339 417 1418 quod
441 1348 575 1419 utraque
600 1337 729 1419 uulpem
754 1339 948 1401 esurientem
973 1339 1110 1416 inducit;
1136 1339 1176 1402 cs.
1201 1339 1266 1401 lab.
1284 1338 1393 1402 Halm.

329 1461 384 1524 33:
419 1443 631 1527 λιμώττουσα
653 1471 697 1502 =
721 1446 856 1507 Phaedr.
882 1445 939 1520 IV,
966 1464 994 1524 3,
1024 1464 1054 1508 1:
1080 1446 1165 1508 same
1188 1457 1312 1509 coacta.
1360 1447 1393 1508 A

327 1553 446 1614 Babrio
463 1553 495 1614 id
513 1553 772 1633 praetermissum
789 1563 847 1628 est,
862 1573 1059 1634 quamquam
1073 1573 1116 1614 ex
1129 1553 1246 1616 fabulis
1259 1553 1395 1616 Phaedri

328 1670 359 1722 et
394 1660 503 1722 Halm.
542 1677 581 1739 33
618 1659 680 1722 hac
711 1661 743 1722 in
768 1681 801 1722 re
825 1661 907 1722 inter
929 1681 964 1724 se
988 1660 1242 1742 congruentibus
1266 1660 1393 1725 conclu·

327 1767 470 1829 dendum
505 1777 555 1828 est
585 1768 617 1828 id
641 1768 672 1829 in
697 1766 824 1849 sylloge
848 1767 1005 1849 Aesopea
1028 1768 1252 1849 antiquissima
1275 1768 1393 1832 lectum

327 1894 407 1938 esse.

421 1981 532 2064 ‘Quod
567 1991 676 2044 autem
711 2003 760 2057 ea,
793 2001 876 2064 quae
900 1984 941 2045 de
966 1991 1097 2063 pastore
1121 1992 1154 2045 et
1177 1982 1302 2065 capella
1325 2004 1394 2046 nar·

328 2101 423 2164 ratur,
460 2092 549 2171 apud
584 2090 764 2153 Phaedrum
799 2101 865 2152 tam
891 2091 997 2152 breuis
1020 2099 1138 2166 exstat,
1163 2091 1197 2153 id
1220 2111 1333 2153 uereor
1356 2101 1392 2154 ut

327 2198 389 2278 ipsi
413 2208 531 2279 poetae
555 2197 783 2261 ascribendum
808 2199 858 2272 sit,
883 2217 982 2278 quum
1006 2207 1165 2279 appareat
1180 2219 1253 2261 eam
1269 2219 1289 2260 a
1302 2197 1394 2262 libra·

326 2306 379 2367 riis
414 2325 486 2368 esse
521 2316 717 2387 corruptam.
765 2306 850 2367 Nam
881 2315 914 2367 et
938 2305 1017 2366 dure
1041 2325 1258 2387 peruerseque
1281 2307 1394 2387 incipit
1415 2293 1420 2298 '⁵

326 2412 443 2488 fabula,
471 2414 560 2475 etin
583 2433 678 2475 uersu
702 2413 798 2475 tertio
826 2413 965 2494 »inquio
993 2413 1107 2474 deesse
1132 2413 1279 2476 Havetus
1303 2423 1390 2476 recte

326 2521 563 2595 animaduertit,
590 2521 675 2582 unde
699 2518 857 2582 conclusit
880 2519 1003 2601 aliquot
1027 2518 1172 2600 capellae
1195 2520 1297 2583 uerba
1319 2530 1394 2584 ante

325 2647 453 2690 uersum
489 2629 617 2692 tertium
651 2625 839 2689 excidisse
869 2627 976 2689 Babrii
1000 2638 1107 2690 autem
1133 2629 1277 2690 eiusdem
1301 2648 1391 2709 argu·

325 2736 425 2796 menti
449 2736 613 2816 expositio
636 2734 760 2816 optime
784 2754 857 2797 cum
882 2733 990 2797 Halm.
1021 2750 1057 2815 17
1080 2737 1238 2817 congruit,
1263 2745 1298 2798 ut
1314 2736 1393 2798 satis

326 2852 483 2923 appareat
507 2841 632 2904 labulas
656 2844 739 2904 inter
761 2863 797 2904 se
821 2843 964 2932 quodam
990 2842 1090 2904 modo
1111 2843 1286 2906 cohaerere
1301 2853 1334 2904 et
1349 2844 1392 2906 ad

326 2950 464 3012 eandem
501 2949 566 3011 lere
601 2950 758 3031 originem
778 2949 977 3039 'referendas
1001 2970 1087 3012 esse:
1113 2949 1152 3012 cs.
1177 2951 1301 3016 exitum
1325 2950 1389 3013 sab.

326 3056 434 3119 Halm.
476 3073 530 3137 17:
566 3055 605 3118 τὸ
639 3055 747 3136 κέρας
781 3057 994 3137 κεκράξεται,
1029 3059 1095 3120 κᾶν
1130 3057 1198 3137 ἐγὼ
1231 3056 1391 3140 σιωπήσω

324 3191 370 3222 ;-.
414 3165 526 3227 Babr.:
573 3163 612 3226 τὸ
658 3164 766 3244 κέρας
810 3164 970 3245 κέκραγε,
1010 3167 1076 3227 κᾶν
1115 3164 1183 3245 ἐγὼ
1222 3164 1390 3246 σιωπήσω.

325 3272 419 3354 Quae
442 3275 550 3354 'quum
575 3274 619 3335 ita
642 3273 715 3348 sint,
741 3273 854 3334 harum
879 3271 1060 3335 fabularum
1084 3272 1204 3335 formas
1228 3293 1305 3334 uere
1329 3273 1392 3334 Αε-

325 3401 444 3462 sopeas
471 3379 557 3461 apud
585 3380 736 3443 Babrium
762 3391 891 3442 exstare
915 3381 1013 3442 credo
1037 3381 1133 3443 statui
1158 3401 1265 3461 posse.

432 3488 538 3550 Venio
575 3508 658 3550 nunc
695 3488 737 3549 ad
773 3487 908 3562 sabulaS,
945 3508 1030 3568 quae
1066 3508 1265 3568 quamquam
1302 3508 1393 3568 argu·

325 3606 469 3658 mentum
505 3596 603 3671 idern,
639 3597 778 3657 eandem
810 3596 960 3657 narrandi
986 3595 1143 3656 rationem
1169 3595 1336 3674 praebent,
1354 3596 1393 3658 in

324 3723 365 3765 eo
400 3714 508 3765 tamen
544 3703 586 3765 ab
621 3703 808 3766 auctoribus
844 3704 970 3765 diuerse
989 3712 1162 3764 -tractatae
1195 3712 1278 3783 sunt,
1304 3703 1393 3783 quod

325 3830 482 3893 personas
507 3810 687 3873 fabularum
712 3831 777 3872 non
802 3811 933 3872 easdem
951 3809 1115 3872 exhibent.
1141 3808 1237 3872 Sunt:
1257 3809 1391 3872 Phaedr.

324 3919 348 3995 Ι,
377 3932 391 3998 5
417 3943 462 3975 z
484 3917 579 3982 Babr.
605 3919 662 3998 67;
688 3919 821 3981 Phaedr.
848 3917 906 3992 IV,
937 3934 975 3979 10
998 3943 1042 3975 .-.
1066 3917 1161 3978 Babr.
1179 3917 1237 3992 66;
1256 3917 1390 3980 Phaedr.

323 4026 415 4107 App.
445 4029 485 4088 28
510 4052 554 4083 z
576 4026 672 4088 Babr.
701 4039 749 4104 5ο,
796 4023 1047 4106 Exemplaribus
1070 4025 1183 4086 barum
1210 4023 1390 4090 fabularum

325 4135 488 4215 Aesopeis
512 4135 592 4197 haec
616 4136 685 4196 sine
709 4133 810 4194 dubio
834 4133 1011 4195 debentur:
