<?xml version="1.0" encoding="UTF-8"?>
<!DOCTYPE html PUBLIC "-//W3C//DTD XHTML 1.0 Transitional//EN"
    "http://www.w3.org/TR/xhtml1/DTD/xhtml1-transitional.dtd">
<html xmlns="http://www.w3.org/1999/xhtml" xml:lang="en" lang="en">
 <head>
  <title>
</title>
<meta http-equiv="Content-Type" content="text/html;charset=utf-8" />
  <meta name='ocr-system' content='tesseract 3.04.00' />
  <meta name='ocr-capabilities' content='ocr_page ocr_carea ocr_par ocr_line ocrx_word'/>
</head>
<body>
  <div class='ocr_page' id='page_1' title='image "./stvdiadefontibv00chrigoog_0015.png"; bbox 0 0 3244 4868; ppageno 0'>
   <div class='ocr_carea' id='block_1_1' title="bbox 273 1067 1337 1163">
    <p class='ocr_par' dir='ltr' id='par_1_1' title="bbox 273 1067 1337 1163">
     <span class='ocr_line' id='line_1_1' title="bbox 273 1067 1337 1163; baseline 0.001 -23"><span class='ocrx_word' id='word_1_1' title='bbox 273 1069 337 1141; x_wconf 92' lang='lat' dir='ltr'><strong>De</strong></span> <span class='ocrx_word' id='word_1_2' title='bbox 362 1067 589 1163; x_wconf 88' lang='lat' dir='ltr'>prooemiis</span> <span class='ocrx_word' id='word_1_3' title='bbox 614 1077 653 1140; x_wconf 88' lang='lat' dir='ltr'><strong>et</strong></span> <span class='ocrx_word' id='word_1_4' title='bbox 678 1069 730 1140; x_wconf 89' lang='lat' dir='ltr'><strong>de</strong></span> <span class='ocrx_word' id='word_1_5' title='bbox 755 1089 932 1140; x_wconf 89' lang='lat' dir='ltr'><strong>numero</strong></span> <span class='ocrx_word' id='word_1_6' title='bbox 957 1067 1158 1140; x_wconf 91' lang='lat' dir='ltr'><strong>librorum</strong></span> <span class='ocrx_word' id='word_1_7' title='bbox 1185 1068 1337 1141; x_wconf 78' lang='lat' dir='ltr'><strong>Babrit</strong></span> 
     </span>
    </p>
   </div>
   <div class='ocr_carea' id='block_1_2' title="bbox 256 1280 1342 4269">
    <p class='ocr_par' dir='ltr' id='par_1_2' title="bbox 256 1280 1342 4269">
     <span class='ocr_line' id='line_1_2' title="bbox 380 1280 1339 1362; baseline -0.001 -19"><span class='ocrx_word' id='word_1_8' title='bbox 380 1282 415 1343; x_wconf 91' lang='lat' dir='ltr'><strong>In</strong></span> <span class='ocrx_word' id='word_1_9' title='bbox 440 1280 632 1344; x_wconf 85' lang='lat' dir='ltr'>collectione</span> <span class='ocrx_word' id='word_1_10' title='bbox 656 1293 767 1343; x_wconf 90' lang='lat' dir='ltr'><strong>nostra</strong></span> <span class='ocrx_word' id='word_1_11' title='bbox 791 1284 857 1343; x_wconf 94' lang='lat' dir='ltr'><strong>duo</strong></span> <span class='ocrx_word' id='word_1_12' title='bbox 882 1283 1048 1362; x_wconf 88' lang='lat' dir='ltr'><strong>prooemia</strong></span> <span class='ocrx_word' id='word_1_13' title='bbox 1065 1293 1204 1356; x_wconf 84' lang='lat' dir='ltr'><strong>exstant,</strong></span> <span class='ocrx_word' id='word_1_14' title='bbox 1222 1281 1339 1362; x_wconf 90' lang='lat' dir='ltr'><strong>quibus</strong></span> 
     </span>
     <span class='ocr_line' id='line_1_3' title="bbox 273 1385 1339 1469; baseline -0.001 -19"><span class='ocrx_word' id='word_1_15' title='bbox 273 1390 426 1466; x_wconf 76' lang='lat' dir='ltr'>discimus</span> <span class='ocrx_word' id='word_1_16' title='bbox 463 1399 627 1450; x_wconf 80' lang='lat' dir='ltr'>auctorem</span> <span class='ocrx_word' id='word_1_17' title='bbox 665 1385 842 1450; x_wconf 80' lang='lat' dir='ltr'><strong>fabularum</strong></span> <span class='ocrx_word' id='word_1_18' title='bbox 880 1387 943 1450; x_wconf 91' lang='lat' dir='ltr'><strong>alio</strong></span> <span class='ocrx_word' id='word_1_19' title='bbox 973 1390 1005 1450; x_wconf 94' lang='lat' dir='ltr'><strong>in</strong></span> <span class='ocrx_word' id='word_1_20' title='bbox 1029 1387 1091 1450; x_wconf 89' lang='lat' dir='ltr'><strong>alia</strong></span> <span class='ocrx_word' id='word_1_21' title='bbox 1116 1399 1207 1469; x_wconf 91' lang='lat' dir='ltr'><strong>parte</strong></span> <span class='ocrx_word' id='word_1_22' title='bbox 1232 1390 1339 1469; x_wconf 84' lang='lat' dir='ltr'><strong>operis</strong></span> 
     </span>
     <span class='ocr_line' id='line_1_4' title="bbox 273 1495 1339 1576; baseline -0.001 -19"><span class='ocrx_word' id='word_1_23' title='bbox 273 1498 320 1557; x_wconf 87' lang='lat' dir='ltr'><strong>sui</strong></span> <span class='ocrx_word' id='word_1_24' title='bbox 348 1495 438 1557; x_wconf 84' lang='lat' dir='ltr'><strong>sonte</strong></span> <span class='ocrx_word' id='word_1_25' title='bbox 463 1515 555 1557; x_wconf 90' lang='lat' dir='ltr'><strong>usum</strong></span> <span class='ocrx_word' id='word_1_26' title='bbox 579 1515 661 1558; x_wconf 89' lang='lat' dir='ltr'><strong>esse.</strong></span> <span class='ocrx_word' id='word_1_27' title='bbox 710 1495 802 1558; x_wconf 89' lang='lat' dir='ltr'><strong>Plura</strong></span> <span class='ocrx_word' id='word_1_28' title='bbox 826 1517 845 1556; x_wconf 88' lang='lat' dir='ltr'><strong>a</strong></span> <span class='ocrx_word' id='word_1_29' title='bbox 870 1497 1029 1576; x_wconf 88' lang='lat' dir='ltr'><strong>principio</strong></span> <span class='ocrx_word' id='word_1_30' title='bbox 1054 1497 1221 1576; x_wconf 88' lang='lat' dir='ltr'><strong>prooemia</strong></span> <span class='ocrx_word' id='word_1_31' title='bbox 1245 1497 1339 1558; x_wconf 83' lang='lat' dir='ltr'><strong>exsti-</strong></span> 
     </span>
     <span class='ocr_line' id='line_1_5' title="bbox 272 1602 1339 1683; baseline 0 -19"><span class='ocrx_word' id='word_1_32' title='bbox 272 1605 350 1664; x_wconf 90' lang='lat' dir='ltr'><strong>tisse</strong></span> <span class='ocrx_word' id='word_1_33' title='bbox 378 1613 476 1683; x_wconf 88' lang='lat' dir='ltr'><strong>atque</strong></span> <span class='ocrx_word' id='word_1_34' title='bbox 501 1602 625 1664; x_wconf 77' lang='lat' dir='ltr'><strong>fabulas</strong></span> <span class='ocrx_word' id='word_1_35' title='bbox 649 1603 691 1663; x_wconf 90' lang='lat' dir='ltr'><strong>ab</strong></span> <span class='ocrx_word' id='word_1_36' title='bbox 716 1604 788 1682; x_wconf 91' lang='lat' dir='ltr'><strong>ipso</strong></span> <span class='ocrx_word' id='word_1_37' title='bbox 813 1614 944 1665; x_wconf 84' lang='lat' dir='ltr'><strong>auctore</strong></span> <span class='ocrx_word' id='word_1_38' title='bbox 968 1604 1082 1664; x_wconf 90' lang='lat' dir='ltr'><strong>decern</strong></span> <span class='ocrx_word' id='word_1_39' title='bbox 1107 1603 1195 1664; x_wconf 92' lang='lat' dir='ltr'><strong>libris</strong></span> <span class='ocrx_word' id='word_1_40' title='bbox 1219 1603 1339 1664; x_wconf 88' lang='lat' dir='ltr'><strong>diuisas</strong></span> 
     </span>
     <span class='ocr_line' id='line_1_6' title="bbox 273 1709 1338 1795; baseline 0 -24"><span class='ocrx_word' id='word_1_41' title='bbox 273 1730 345 1772; x_wconf 90' lang='lat' dir='ltr'><strong>esse</strong></span> <span class='ocrx_word' id='word_1_42' title='bbox 379 1711 611 1784; x_wconf 89' lang='lat' dir='ltr'><strong>testimonium,</strong></span> <span class='ocrx_word' id='word_1_43' title='bbox 648 1711 737 1790; x_wconf 92' lang='lat' dir='ltr'><strong>quod</strong></span> <span class='ocrx_word' id='word_1_44' title='bbox 772 1710 871 1772; x_wconf 88' lang='lat' dir='ltr'><strong>habet</strong></span> <span class='ocrx_word' id='word_1_45' title='bbox 897 1709 1015 1772; x_wconf 90' lang='lat' dir='ltr'><strong>Suidas</strong></span> <span class='ocrx_word' id='word_1_46' title='bbox 1039 1709 1090 1795; x_wconf 85' lang='lat' dir='ltr'><strong>(cl.</strong></span> <span class='ocrx_word' id='word_1_47' title='bbox 1116 1711 1338 1772; x_wconf 87' lang='lat' dir='ltr'><strong>testimonium</strong></span> 
     </span>
     <span class='ocr_line' id='line_1_7' title="bbox 279 1816 1338 1897; baseline -0.001 -19"><span class='ocrx_word' id='word_1_48' title='bbox 279 1833 316 1880; x_wconf 83' lang='grc' dir='ltr'><strong>ιο</strong></span> <span class='ocrx_word' id='word_1_49' title='bbox 351 1819 401 1880; x_wconf 90' lang='lat' dir='ltr'><strong>ed.</strong></span> <span class='ocrx_word' id='word_1_50' title='bbox 439 1816 555 1897; x_wconf 87' lang='lat' dir='ltr'><strong>Crusii)</strong></span> <span class='ocrx_word' id='word_1_51' title='bbox 592 1817 634 1878; x_wconf 92' lang='lat' dir='ltr'><strong>de</strong></span> <span class='ocrx_word' id='word_1_52' title='bbox 671 1816 863 1879; x_wconf 88' lang='lat' dir='ltr'><strong>collectione</strong></span> <span class='ocrx_word' id='word_1_53' title='bbox 891 1817 1062 1892; x_wconf 88' lang='lat' dir='ltr'><strong>Babriana,</strong></span> <span class='ocrx_word' id='word_1_54' title='bbox 1089 1817 1176 1879; x_wconf 91' lang='lat' dir='ltr'><strong>haud</strong></span> <span class='ocrx_word' id='word_1_55' title='bbox 1201 1817 1338 1880; x_wconf 81' lang='lat' dir='ltr'><strong>obscure</strong></span> 
     </span>
     <span class='ocr_line' id='line_1_8' title="bbox 273 1923 1337 2006; baseline -0.001 -20"><span class='ocrx_word' id='word_1_56' title='bbox 273 1925 379 1999; x_wconf 88' lang='lat' dir='ltr'><strong>docet,</strong></span> <span class='ocrx_word' id='word_1_57' title='bbox 417 1927 458 1986; x_wconf 91' lang='lat' dir='ltr'><strong>ad</strong></span> <span class='ocrx_word' id='word_1_58' title='bbox 488 1944 584 2005; x_wconf 91' lang='lat' dir='ltr'><strong>quam</strong></span> <span class='ocrx_word' id='word_1_59' title='bbox 609 1926 803 1986; x_wconf 87' lang='lat' dir='ltr'><strong>sententiam</strong></span> <span class='ocrx_word' id='word_1_60' title='bbox 828 1925 1050 2005; x_wconf 88' lang='lat' dir='ltr'><strong>accipiendam</strong></span> <span class='ocrx_word' id='word_1_61' title='bbox 1077 1924 1208 1986; x_wconf 89' lang='lat' dir='ltr'><strong>Crusius</strong></span> <span class='ocrx_word' id='word_1_62' title='bbox 1232 1923 1337 2006; x_wconf 83' lang='lat' dir='ltr'><strong>(Babr.</strong></span> 
     </span>
     <span class='ocr_line' id='line_1_9' title="bbox 273 2025 1338 2113; baseline -0.001 -20"><span class='ocrx_word' id='word_1_63' title='bbox 273 2043 335 2094; x_wconf 89' lang='lat' dir='ltr'><strong>aet.</strong></span> <span class='ocrx_word' id='word_1_64' title='bbox 374 2033 449 2112; x_wconf 88' lang='lat'><strong>229)</strong></span> <span class='ocrx_word' id='word_1_65' title='bbox 484 2042 582 2113; x_wconf 91' lang='lat' dir='ltr'><strong>atque</strong></span> <span class='ocrx_word' id='word_1_66' title='bbox 618 2031 660 2093; x_wconf 91' lang='lat' dir='ltr'><strong>ab</strong></span> <span class='ocrx_word' id='word_1_67' title='bbox 693 2052 733 2092; x_wconf 88' lang='lat' dir='ltr'><strong>eo</strong></span> <span class='ocrx_word' id='word_1_68' title='bbox 762 2025 908 2112; x_wconf 87' lang='lat' dir='ltr'><strong>pendens</strong></span> <span class='ocrx_word' id='word_1_69' title='bbox 933 2031 1180 2093; x_wconf 83' lang='lat' dir='ltr'><strong>Rutherlordius</strong></span> <span class='ocrx_word' id='word_1_70' title='bbox 1204 2029 1338 2113; x_wconf 80' lang='lat' dir='ltr'><strong>(proleg.</strong></span> 
     </span>
     <span class='ocr_line' id='line_1_10' title="bbox 273 2133 1339 2219; baseline -0.001 -18"><span class='ocrx_word' id='word_1_71' title='bbox 273 2139 346 2218; x_wconf 87' lang='lat' dir='ltr'><strong>XL)</strong></span> <span class='ocrx_word' id='word_1_72' title='bbox 382 2138 546 2201; x_wconf 66' lang='lat' dir='ltr'><strong>inclinare*</strong></span> <span class='ocrx_word' id='word_1_73' title='bbox 569 2139 727 2201; x_wconf 90' lang='lat' dir='ltr'><strong>uidentur.</strong></span> <span class='ocrx_word' id='word_1_74' title='bbox 776 2139 812 2200; x_wconf 91' lang='lat' dir='ltr'><strong>Id</strong></span> <span class='ocrx_word' id='word_1_75' title='bbox 849 2133 979 2219; x_wconf 89' lang='lat' dir='ltr'><strong>qui&#39;dem</strong></span> <span class='ocrx_word' id='word_1_76' title='bbox 1009 2139 1254 2200; x_wconf 90' lang='lat' dir='ltr'><strong>concedendum</strong></span> <span class='ocrx_word' id='word_1_77' title='bbox 1280 2150 1339 2213; x_wconf 91' lang='lat' dir='ltr'><strong>est,</strong></span> 
     </span>
     <span class='ocr_line' id='line_1_11' title="bbox 256 2245 1338 2328; baseline -0.005 -16"><span class='ocrx_word' id='word_1_78' title='bbox 256 2257 307 2312; x_wconf 80' lang='lat' dir='ltr'><strong>ut</strong></span> <span class='ocrx_word' id='word_1_79' title='bbox 331 2246 381 2308; x_wconf 87' lang='lat' dir='ltr'><strong>uel</strong></span> <span class='ocrx_word' id='word_1_80' title='bbox 405 2267 447 2308; x_wconf 87' lang='lat' dir='ltr'><strong>ex</strong></span> <span class='ocrx_word' id='word_1_81' title='bbox 472 2247 519 2320; x_wconf 74' lang='lat' dir='ltr'><strong>iia,</strong></span> <span class='ocrx_word' id='word_1_82' title='bbox 544 2267 628 2328; x_wconf 90' lang='lat' dir='ltr'><strong>quae</strong></span> <span class='ocrx_word' id='word_1_83' title='bbox 652 2246 694 2308; x_wconf 94' lang='lat' dir='ltr'><strong>de</strong></span> <span class='ocrx_word' id='word_1_84' title='bbox 711 2246 879 2308; x_wconf 86' lang='lat' dir='ltr'><strong>codicibus</strong></span> <span class='ocrx_word' id='word_1_85' title='bbox 896 2247 1039 2327; x_wconf 88' lang='lat' dir='ltr'><strong>disputat</strong></span> <span class='ocrx_word' id='word_1_86' title='bbox 1056 2245 1187 2308; x_wconf 89' lang='lat' dir='ltr'><strong>Crusius</strong></span> <span class='ocrx_word' id='word_1_87' title='bbox 1203 2245 1338 2328; x_wconf 82' lang='lat' dir='ltr'><strong>(proleg.</strong></span> 
     </span>
     <span class='ocr_line' id='line_1_12' title="bbox 273 2351 1340 2436; baseline -0.001 -20"><span class='ocrx_word' id='word_1_88' title='bbox 273 2354 334 2416; x_wconf 87' lang='grc' dir='ltr'><strong>ΧΠ</strong></span> <span class='ocrx_word' id='word_1_89' title='bbox 368 2352 462 2436; x_wconf 69' lang='lat' dir='ltr'><strong>sqq),</strong></span> <span class='ocrx_word' id='word_1_90' title='bbox 500 2353 593 2416; x_wconf 85' lang='lat' dir='ltr'><strong>facile</strong></span> <span class='ocrx_word' id='word_1_91' title='bbox 621 2364 776 2434; x_wconf 66' lang='lat' dir='ltr'><strong>apparet·</strong></span> <span class='ocrx_word' id='word_1_92' title='bbox 794 2353 926 2416; x_wconf 85' lang='lat' dir='ltr'><strong>Suidam</strong></span> <span class='ocrx_word' id='word_1_93' title='bbox 953 2365 1027 2415; x_wconf 90' lang='lat' dir='ltr'><strong>ante</strong></span> <span class='ocrx_word' id='word_1_94' title='bbox 1052 2351 1164 2415; x_wconf 92' lang='lat' dir='ltr'><strong>oculos</strong></span> <span class='ocrx_word' id='word_1_95' title='bbox 1188 2352 1340 2415; x_wconf 86' lang='lat' dir='ltr'><strong>habuisse</strong></span> 
     </span>
     <span class='ocr_line' id='line_1_13' title="bbox 273 2459 1339 2542; baseline -0.001 -20"><span class='ocrx_word' id='word_1_96' title='bbox 273 2460 387 2522; x_wconf 92' lang='lat' dir='ltr'><strong>librum</strong></span> <span class='ocrx_word' id='word_1_97' title='bbox 413 2481 511 2522; x_wconf 88' lang='lat' dir='ltr'><strong>manu</strong></span> <span class='ocrx_word' id='word_1_98' title='bbox 528 2463 694 2542; x_wconf 86' lang='lat' dir='ltr'><strong>scriptum,</strong></span> <span class='ocrx_word' id='word_1_99' title='bbox 713 2462 748 2523; x_wconf 84' lang='lat' dir='ltr'><strong>in&#39;</strong></span> <span class='ocrx_word' id='word_1_100' title='bbox 762 2481 826 2542; x_wconf 90' lang='lat' dir='ltr'><strong>quo</strong></span> <span class='ocrx_word' id='word_1_101' title='bbox 844 2471 953 2523; x_wconf 88' lang='lat' dir='ltr'><strong>textus</strong></span> <span class='ocrx_word' id='word_1_102' title='bbox 970 2459 1149 2522; x_wconf 87' lang='lat' dir='ltr'><strong>Babrianus</strong></span> <span class='ocrx_word' id='word_1_103' title='bbox 1162 2461 1339 2522; x_wconf 89' lang='lat' dir='ltr'><strong>admodum</strong></span> 
     </span>
     <span class='ocr_line' id='line_1_14' title="bbox 273 2568 1340 2650; baseline -0.001 -21"><span class='ocrx_word' id='word_1_104' title='bbox 273 2569 477 2650; x_wconf 89' lang='lat' dir='ltr'><strong>incorruptus</strong></span> <span class='ocrx_word' id='word_1_105' title='bbox 516 2568 694 2649; x_wconf 85' lang='lat' dir='ltr'><strong>legebatur.</strong></span> <span class='ocrx_word' id='word_1_106' title='bbox 747 2569 937 2648; x_wconf 85' lang='lat' dir='ltr'><strong>Epimythia</strong></span> <span class='ocrx_word' id='word_1_107' title='bbox 976 2568 1060 2629; x_wconf 91' lang='lat' dir='ltr'><strong>enim</strong></span> <span class='ocrx_word' id='word_1_108' title='bbox 1101 2569 1132 2628; x_wconf 93' lang='lat' dir='ltr'><strong>in</strong></span> <span class='ocrx_word' id='word_1_109' title='bbox 1172 2568 1340 2630; x_wconf 89' lang='lat' dir='ltr'><strong>codicibus</strong></span> 
     </span>
     <span class='ocr_line' id='line_1_15' title="bbox 273 2673 1339 2756; baseline -0.001 -19"><span class='ocrx_word' id='word_1_110' title='bbox 273 2676 387 2737; x_wconf 92' lang='lat' dir='ltr'><strong>ceteris</strong></span> <span class='ocrx_word' id='word_1_111' title='bbox 421 2674 603 2737; x_wconf 89' lang='lat' dir='ltr'><strong>adulterata</strong></span> <span class='ocrx_word' id='word_1_112' title='bbox 637 2678 725 2756; x_wconf 90' lang='lat' dir='ltr'><strong>apud</strong></span> <span class='ocrx_word' id='word_1_113' title='bbox 750 2675 883 2738; x_wconf 88' lang='lat' dir='ltr'><strong>Suidam</strong></span> <span class='ocrx_word' id='word_1_114' title='bbox 910 2674 1005 2756; x_wconf 90' lang='lat' dir='ltr'><strong>plane</strong></span> <span class='ocrx_word' id='word_1_115' title='bbox 1030 2677 1147 2736; x_wconf 89' lang='lat' dir='ltr'><strong>desunt</strong></span> <span class='ocrx_word' id='word_1_116' title='bbox 1172 2673 1222 2756; x_wconf 84' lang='lat' dir='ltr'><strong>(ci.</strong></span> <span class='ocrx_word' id='word_1_117' title='bbox 1249 2675 1339 2736; x_wconf 80' lang='lat' dir='ltr'><strong>Crus,</strong></span> 
     </span>
     <span class='ocr_line' id='line_1_16' title="bbox 273 2760 1340 2864; baseline 0 -21"><span class='ocrx_word' id='word_1_118' title='bbox 273 2781 395 2863; x_wconf 86' lang='lat' dir='ltr'><strong>proleg.</strong></span> <span class='ocrx_word' id='word_1_119' title='bbox 422 2803 496 2864; x_wconf 82' lang='lat' dir='ltr'><strong>pag.</strong></span> <span class='ocrx_word' id='word_1_120' title='bbox 523 2760 622 2863; x_wconf 73' lang='lat' dir='ltr'>XIII),</span> <span class='ocrx_word' id='word_1_121' title='bbox 649 2782 803 2863; x_wconf 91' lang='lat' dir='ltr'><strong>multique</strong></span> <span class='ocrx_word' id='word_1_122' title='bbox 826 2782 898 2856; x_wconf 89' lang='lat' dir='ltr'><strong>loci,</strong></span> <span class='ocrx_word' id='word_1_123' title='bbox 924 2783 977 2864; x_wconf 93' lang='lat' dir='ltr'><strong>qui</strong></span> <span class='ocrx_word' id='word_1_124' title='bbox 1002 2783 1034 2843; x_wconf 94' lang='lat' dir='ltr'><strong>in</strong></span> <span class='ocrx_word' id='word_1_125' title='bbox 1059 2781 1173 2843; x_wconf 84' lang='lat' dir='ltr'><strong>Athoo</strong></span> <span class='ocrx_word' id='word_1_126' title='bbox 1197 2784 1340 2862; x_wconf 88' lang='lat' dir='ltr'><strong>corrupti</strong></span> 
     </span>
     <span class='ocr_line' id='line_1_17' title="bbox 274 2889 1338 2970; baseline 0 -20"><span class='ocrx_word' id='word_1_127' title='bbox 274 2889 432 2970; x_wconf 86' lang='lat' dir='ltr'><strong>leguntur,</strong></span> <span class='ocrx_word' id='word_1_128' title='bbox 467 2892 729 2965; x_wconf 87' lang='lat' dir='ltr'><strong>emendationem</strong></span> <span class='ocrx_word' id='word_1_129' title='bbox 754 2889 946 2951; x_wconf 90' lang='lat' dir='ltr'><strong>lectionibus</strong></span> <span class='ocrx_word' id='word_1_130' title='bbox 971 2889 1091 2952; x_wconf 83' lang='lat' dir='ltr'><strong>Suidae</strong></span> <span class='ocrx_word' id='word_1_131' title='bbox 1115 2901 1338 2970; x_wconf 86' lang='lat' dir='ltr'><strong>assequuntur.</strong></span> 
     </span>
     <span class='ocr_line' id='line_1_18' title="bbox 273 2995 1339 3078; baseline -0.001 -20"><span class='ocrx_word' id='word_1_132' title='bbox 273 2997 308 3059; x_wconf 87' lang='lat' dir='ltr'><strong>Si</strong></span> <span class='ocrx_word' id='word_1_133' title='bbox 332 3007 438 3059; x_wconf 90' lang='lat' dir='ltr'><strong>autem</strong></span> <span class='ocrx_word' id='word_1_134' title='bbox 465 3000 569 3078; x_wconf 92' lang='lat' dir='ltr'><strong>ipsum</strong></span> <span class='ocrx_word' id='word_1_135' title='bbox 595 3007 719 3058; x_wconf 82' lang='lat' dir='ltr'><strong>textum</strong></span> <span class='ocrx_word' id='word_1_136' title='bbox 746 2995 926 3074; x_wconf 79' lang='lat' dir='ltr'><strong>fabularum</strong></span> <span class='ocrx_word' id='word_1_137' title='bbox 950 2996 1071 3058; x_wconf 89' lang='lat' dir='ltr'><strong>codicis</strong></span> <span class='ocrx_word' id='word_1_138' title='bbox 1089 2995 1234 3058; x_wconf 88' lang='lat' dir='ltr'><strong>Suidiani</strong></span> <span class='ocrx_word' id='word_1_139' title='bbox 1253 3017 1339 3076; x_wconf 86' lang='lat' dir='ltr'><strong>prae·</strong></span> 
     </span>
     <span class='ocr_line' id='line_1_19' title="bbox 273 3086 1339 3179; baseline -0.002 -13"><span class='ocrx_word' id='word_1_140' title='bbox 273 3106 511 3179; x_wconf 78' lang='lat' dir='ltr'><strong>termiserimuS‚</strong></span> <span class='ocrx_word' id='word_1_141' title='bbox 553 3107 584 3166; x_wconf 92' lang='lat' dir='ltr'><strong>in</strong></span> <span class='ocrx_word' id='word_1_142' title='bbox 624 3086 728 3168; x_wconf 83' lang='lat' dir='ltr'><strong>rebus</strong></span> <span class='ocrx_word' id='word_1_143' title='bbox 756 3104 825 3167; x_wconf 91' lang='lat' dir='ltr'><strong>aliis</strong></span> <span class='ocrx_word' id='word_1_144' title='bbox 861 3125 879 3166; x_wconf 91' lang='lat' dir='ltr'><strong>a</strong></span> <span class='ocrx_word' id='word_1_145' title='bbox 915 3105 1029 3164; x_wconf 86' lang='lat' dir='ltr'><strong>ceteris</strong></span> <span class='ocrx_word' id='word_1_146' title='bbox 1065 3103 1232 3165; x_wconf 88' lang='lat' dir='ltr'><strong>Babrianis</strong></span> <span class='ocrx_word' id='word_1_147' title='bbox 1267 3123 1339 3164; x_wconf 92' lang='lat' dir='ltr'><strong>eum</strong></span> 
     </span>
     <span class='ocr_line' id='line_1_20' title="bbox 273 3211 1341 3292; baseline -0.001 -20"><span class='ocrx_word' id='word_1_148' title='bbox 273 3213 419 3274; x_wconf 90' lang='lat' dir='ltr'><strong>codicem</strong></span> <span class='ocrx_word' id='word_1_149' title='bbox 455 3212 590 3273; x_wconf 90' lang='lat' dir='ltr'><strong>multum</strong></span> <span class='ocrx_word' id='word_1_150' title='bbox 627 3212 832 3274; x_wconf 88' lang='lat' dir='ltr'><strong>abhorruisse</strong></span> <span class='ocrx_word' id='word_1_151' title='bbox 868 3213 930 3272; x_wconf 88' lang='lat' dir='ltr'><strong>iam</strong></span> <span class='ocrx_word' id='word_1_152' title='bbox 961 3211 1065 3292; x_wconf 90' lang='lat' dir='ltr'><strong>primo</strong></span> <span class='ocrx_word' id='word_1_153' title='bbox 1090 3223 1224 3291; x_wconf 86' lang='lat' dir='ltr'><strong>aspectu</strong></span> <span class='ocrx_word' id='word_1_154' title='bbox 1247 3211 1341 3272; x_wconf 89' lang='lat' dir='ltr'><strong>nobis</strong></span> 
     </span>
     <span class='ocr_line' id='line_1_21' title="bbox 273 3317 1338 3399; baseline -0.003 -18"><span class='ocrx_word' id='word_1_155' title='bbox 273 3319 453 3399; x_wconf 86' lang='lat' dir='ltr'><strong>apparebit.</strong></span> <span class='ocrx_word' id='word_1_156' title='bbox 487 3319 605 3381; x_wconf 88' lang='lat' dir='ltr'><strong>Suidas</strong></span> <span class='ocrx_word' id='word_1_157' title='bbox 629 3321 715 3380; x_wconf 91' lang='lat' dir='ltr'><strong>enim</strong></span> <span class='ocrx_word' id='word_1_158' title='bbox 740 3339 838 3399; x_wconf 89' lang='lat' dir='ltr'><strong>quum</strong></span> <span class='ocrx_word' id='word_1_159' title='bbox 864 3328 895 3380; x_wconf 92' lang='lat' dir='ltr'><strong>et</strong></span> <span class='ocrx_word' id='word_1_160' title='bbox 912 3319 1032 3380; x_wconf 90' lang='lat' dir='ltr'><strong>Babrio</strong></span> <span class='ocrx_word' id='word_1_161' title='bbox 1050 3317 1191 3381; x_wconf 77' lang='lat' dir='ltr'><strong>fabulam</strong></span> <span class='ocrx_word' id='word_1_162' title='bbox 1209 3317 1338 3398; x_wconf 91' lang='lat' dir='ltr'><strong>dactyli·</strong></span> 
     </span>
     <span class='ocr_line' id='line_1_22' title="bbox 273 3425 1342 3508; baseline -0.002 -20"><span class='ocrx_word' id='word_1_163' title='bbox 273 3428 319 3488; x_wconf 88' lang='lat' dir='ltr'><strong>cis</strong></span> <span class='ocrx_word' id='word_1_164' title='bbox 363 3427 508 3488; x_wconf 87' lang='lat' dir='ltr'><strong>uersibus</strong></span> <span class='ocrx_word' id='word_1_165' title='bbox 544 3425 703 3507; x_wconf 88' lang='lat' dir='ltr'><strong>prolatam</strong></span> <span class='ocrx_word' id='word_1_166' title='bbox 732 3425 782 3508; x_wconf 83' lang='lat' dir='ltr'><strong>(cf.</strong></span> <span class='ocrx_word' id='word_1_167' title='bbox 820 3425 909 3488; x_wconf 82' lang='lat' dir='ltr'><strong>Crus,</strong></span> <span class='ocrx_word' id='word_1_168' title='bbox 947 3426 1068 3507; x_wconf 88' lang='lat' dir='ltr'><strong>proleg.</strong></span> <span class='ocrx_word' id='word_1_169' title='bbox 1106 3447 1180 3508; x_wconf 85' lang='lat' dir='ltr'><strong>pag.</strong></span> <span class='ocrx_word' id='word_1_170' title='bbox 1217 3425 1274 3487; x_wconf 88' lang='lat' dir='ltr'><strong>XC</strong></span> <span class='ocrx_word' id='word_1_171' title='bbox 1310 3437 1342 3486; x_wconf 91' lang='lat' dir='ltr'><strong>et</strong></span> 
     </span>
     <span class='ocr_line' id='line_1_23' title="bbox 273 3531 1340 3616; baseline -0.003 -21"><span class='ocrx_word' id='word_1_172' title='bbox 273 3533 424 3596; x_wconf 87' lang='lat' dir='ltr'><strong>editionis</strong></span> <span class='ocrx_word' id='word_1_173' title='bbox 450 3537 534 3616; x_wconf 80' lang='lat' dir='ltr'><strong>pag.¹</strong></span> <span class='ocrx_word' id='word_1_174' title='bbox 553 3550 615 3613; x_wconf 89' lang='lat'><strong>217</strong></span> <span class='ocrx_word' id='word_1_175' title='bbox 640 3533 754 3614; x_wconf 78' lang='lat' dir='ltr'><strong>fragm.</strong></span> <span class='ocrx_word' id='word_1_176' title='bbox 786 3533 835 3616; x_wconf 87' lang='lat'><strong>10)</strong></span> <span class='ocrx_word' id='word_1_177' title='bbox 859 3535 1043 3614; x_wconf 86' lang='lat' dir='ltr'><strong>ascripserit</strong></span> <span class='ocrx_word' id='word_1_178' title='bbox 1067 3545 1099 3595; x_wconf 89' lang='lat' dir='ltr'><strong>et</strong></span> <span class='ocrx_word' id='word_1_179' title='bbox 1122 3535 1205 3594; x_wconf 90' lang='lat' dir='ltr'><strong>inter</strong></span> <span class='ocrx_word' id='word_1_180' title='bbox 1223 3531 1340 3593; x_wconf 86' lang='lat' dir='ltr'><strong>sabula-</strong></span> 
     </span>
     <span class='ocr_line' id='line_1_24' title="bbox 274 3639 1341 3723; baseline -0.002 -21"><span class='ocrx_word' id='word_1_181' title='bbox 274 3662 341 3703; x_wconf 90' lang='lat' dir='ltr'><strong>rum</strong></span> <span class='ocrx_word' id='word_1_182' title='bbox 369 3641 601 3723; x_wconf 86' lang='lat' dir='ltr'><strong>dactylicarum</strong></span> <span class='ocrx_word' id='word_1_183' title='bbox 629 3641 777 3722; x_wconf 88' lang='lat' dir='ltr'><strong>reliquias</strong></span> <span class='ocrx_word' id='word_1_184' title='bbox 801 3640 1005 3702; x_wconf 89' lang='lat' dir='ltr'><strong>choliambos</strong></span> <span class='ocrx_word' id='word_1_185' title='bbox 1030 3641 1136 3701; x_wconf 79' lang='lat' dir='ltr'><strong>liabrii</strong></span> <span class='ocrx_word' id='word_1_186' title='bbox 1162 3639 1246 3700; x_wconf 93' lang='lat' dir='ltr'><strong>nulla</strong></span> <span class='ocrx_word' id='word_1_187' title='bbox 1270 3660 1341 3701; x_wconf 89' lang='lat' dir='ltr'><strong>auc-</strong></span> 
     </span>
     <span class='ocr_line' id='line_1_25' title="bbox 273 3748 1342 3828; baseline -0.004 -17"><span class='ocrx_word' id='word_1_188' title='bbox 273 3751 352 3811; x_wconf 91' lang='lat' dir='ltr'><strong>toris</strong></span> <span class='ocrx_word' id='word_1_189' title='bbox 387 3751 551 3811; x_wconf 89' lang='lat' dir='ltr'><strong>mentione</strong></span> <span class='ocrx_word' id='word_1_190' title='bbox 575 3748 660 3810; x_wconf 83' lang='lat' dir='ltr'><strong>facta</strong></span> <span class='ocrx_word' id='word_1_191' title='bbox 684 3749 852 3828; x_wconf 89' lang='lat' dir='ltr'><strong>receperit,</strong></span> <span class='ocrx_word' id='word_1_192' title='bbox 878 3767 918 3809; x_wconf 91' lang='lat' dir='ltr'><strong>eo</strong></span> <span class='ocrx_word' id='word_1_193' title='bbox 943 3750 1014 3828; x_wconf 86' lang='lat' dir='ltr'><strong>ipso</strong></span> <span class='ocrx_word' id='word_1_194' title='bbox 1039 3749 1117 3808; x_wconf 90' lang='lat' dir='ltr'><strong>satis</strong></span> <span class='ocrx_word' id='word_1_195' title='bbox 1141 3748 1284 3808; x_wconf 90' lang='lat' dir='ltr'><strong>ostendit</strong></span> <span class='ocrx_word' id='word_1_196' title='bbox 1307 3767 1342 3808; x_wconf 91' lang='lat' dir='ltr'><strong>se</strong></span> 
     </span>
     <span class='ocr_line' id='line_1_26' title="bbox 274 3853 1342 3936; baseline -0.004 -18"><span class='ocrx_word' id='word_1_197' title='bbox 274 3866 349 3918; x_wconf 91' lang='lat' dir='ltr'><strong>ante</strong></span> <span class='ocrx_word' id='word_1_198' title='bbox 373 3856 484 3918; x_wconf 92' lang='lat' dir='ltr'><strong>oculos</strong></span> <span class='ocrx_word' id='word_1_199' title='bbox 508 3856 659 3918; x_wconf 88' lang='lat' dir='ltr'><strong>babuisse</strong></span> <span class='ocrx_word' id='word_1_200' title='bbox 684 3856 839 3929; x_wconf 84' lang='lat' dir='ltr'><strong>codicem,</strong></span> <span class='ocrx_word' id='word_1_201' title='bbox 867 3857 896 3916; x_wconf 90' lang='lat' dir='ltr'><strong>in</strong></span> <span class='ocrx_word' id='word_1_202' title='bbox 922 3854 988 3936; x_wconf 83' lang='lat' dir='ltr'><strong>qu&#39;o</strong></span> <span class='ocrx_word' id='word_1_203' title='bbox 1013 3874 1077 3915; x_wconf 93' lang='lat' dir='ltr'><strong>non</strong></span> <span class='ocrx_word' id='word_1_204' title='bbox 1099 3854 1199 3916; x_wconf 92' lang='lat' dir='ltr'><strong>modo</strong></span> <span class='ocrx_word' id='word_1_205' title='bbox 1216 3853 1342 3915; x_wconf 85' lang='lat' dir='ltr'><strong>fabulae</strong></span> 
     </span>
     <span class='ocr_line' id='line_1_27' title="bbox 261 3951 1342 4043; baseline -0.004 -18"><span class='ocrx_word' id='word_1_206' title='bbox 261 3962 466 4025; x_wconf 73' lang='lat' dir='ltr'><strong>¹choliambis</strong></span> <span class='ocrx_word' id='word_1_207' title='bbox 501 3965 714 4043; x_wconf 89' lang='lat' dir='ltr'><strong>conscriptae,</strong></span> <span class='ocrx_word' id='word_1_208' title='bbox 751 3965 809 4024; x_wconf 88' lang='lat' dir='ltr'><strong>sed</strong></span> <span class='ocrx_word' id='word_1_209' title='bbox 845 3963 941 4024; x_wconf 88' lang='lat' dir='ltr'><strong>etiam</strong></span> <span class='ocrx_word' id='word_1_210' title='bbox 973 3961 1055 4024; x_wconf 89' lang='lat' dir='ltr'><strong>aliae</strong></span> <span class='ocrx_word' id='word_1_211' title='bbox 1079 3951 1186 4023; x_wconf 86' lang='lat' dir='ltr'><strong>Babrii</strong></span> <span class='ocrx_word' id='word_1_212' title='bbox 1211 3961 1342 4022; x_wconf 92' lang='lat' dir='ltr'><strong>nomine</strong></span> 
     </span>
     <span class='ocr_line' id='line_1_28' title="bbox 274 4069 1342 4152; baseline -0.005 -20"><span class='ocrx_word' id='word_1_213' title='bbox 274 4069 419 4152; x_wconf 89' lang='lat' dir='ltr'><strong>prolatae</strong></span> <span class='ocrx_word' id='word_1_214' title='bbox 450 4080 549 4132; x_wconf 90' lang='lat' dir='ltr'><strong>erant.</strong></span> <span class='ocrx_word' id='word_1_215' title='bbox 598 4069 672 4151; x_wconf 83' lang='lat' dir='ltr'><strong>Qua</strong></span> <span class='ocrx_word' id='word_1_216' title='bbox 697 4070 728 4131; x_wconf 93' lang='lat' dir='ltr'><strong>in</strong></span> <span class='ocrx_word' id='word_1_217' title='bbox 753 4091 786 4131; x_wconf 92' lang='lat' dir='ltr'><strong>re</strong></span> <span class='ocrx_word' id='word_1_218' title='bbox 811 4070 944 4132; x_wconf 83' lang='lat' dir='ltr'><strong>Suidam</strong></span> <span class='ocrx_word' id='word_1_219' title='bbox 970 4089 1043 4131; x_wconf 91' lang='lat' dir='ltr'><strong>cum</strong></span> <span class='ocrx_word' id='word_1_220' title='bbox 1070 4071 1184 4132; x_wconf 86' lang='lat' dir='ltr'><strong>ceteris</strong></span> <span class='ocrx_word' id='word_1_221' title='bbox 1209 4069 1342 4148; x_wconf 89' lang='lat' dir='ltr'><strong>antiqui-</strong></span> 
     </span>
     <span class='ocr_line' id='line_1_29' title="bbox 273 4175 1341 4269; baseline -0.002 -29"><span class='ocrx_word' id='word_1_222' title='bbox 273 4180 349 4245; x_wconf 87' lang='lat' dir='ltr'><strong>tatis</strong></span> <span class='ocrx_word' id='word_1_223' title='bbox 384 4188 569 4269; x_wconf 84' lang='lat' dir='ltr'><strong>postremae</strong></span> <span class='ocrx_word' id='word_1_224' title='bbox 605 4177 790 4241; x_wconf 89' lang='lat' dir='ltr'><strong>auctoribus</strong></span> <span class='ocrx_word' id='word_1_225' title='bbox 826 4197 1005 4267; x_wconf 82' lang='lat' dir='ltr'><strong>congruere</strong></span> <span class='ocrx_word' id='word_1_226' title='bbox 1033 4175 1124 4242; x_wconf 78' lang='lat' dir='ltr'><strong>facile</strong></span> <span class='ocrx_word' id='word_1_227' title='bbox 1148 4187 1197 4242; x_wconf 87' lang='lat' dir='ltr'><strong>est</strong></span> <span class='ocrx_word' id='word_1_228' title='bbox 1222 4176 1341 4240; x_wconf 86' lang='lat' dir='ltr'><strong>uidere.</strong></span> 
     </span>
    </p>
   </div>
   <div class='ocr_carea' id='block_1_3' title="bbox 0 0 1627 4868">
    <p class='ocr_par' dir='ltr' id='par_1_3' title="bbox 0 0 1627 4868">
     <span class='ocr_line' id='line_1_30' title="bbox 0 0 1627 4868; baseline 0 0"><span class='ocrx_word' id='word_1_229' title='bbox 0 0 1627 4868; x_wconf 95' lang='lat' dir='ltr'><strong> </strong></span> 
     </span>
    </p>
   </div>
  </div>
 </body>
</html>
