3260 4882
665 437 708 446 ...
737 413 796 482 109
822 436 864 446 ...

227 613 372 690 illustrat,
408 635 506 696 quum
531 635 671 696 poenam
696 617 781 698 equi,
807 635 905 697 quarn
931 617 1147 699 gratissimam
1172 613 1294 679 lectori-

226 723 288 786 bus
310 743 384 786 esse
408 733 547 804 oportet,
572 721 719 786 uersibus
743 733 819 786 octo
843 723 1015 786 describat.
1056 723 1184 786 Deinde
1200 723 1294 786 Theo
1381 801 1384 804 Ι

200 831 259 899 ,in
290 831 541 911 eodem‘capite
564 830 629 914 (W.
655 831 669 894 I
690 819 770 912 pag.
800 833 861 909 189
884 830 904 894 l.
934 848 973 908 14
996 833 1081 913 sqq.)
1105 832 1203 894 docet
1226 850 1292 894 ora·

227 938 348 1001 tionem
384 937 532 1000 contrahi
567 937 618 1000 uel
654 938 750 1000 rebus
785 937 836 1000 uel
872 938 1023 1001 dictione.
1073 937 1295 1001 Contrahendi

227 1046 385 1108 rationem
419 1066 459 1108 ea
492 1043 572 1121 sola,
609 1065 693 1127 quae
727 1067 854 1110 summa
884 1056 917 1108 et
940 1044 1133 1127 grauissima
1156 1047 1220 1108 sint
1243 1044 1294 1108 uel

228 1154 323 1217 rebus
347 1152 398 1218 uel
423 1153 565 1216 dictione
589 1163 625 1215 ut
647 1164 856 1236 exponantur
879 1155 1074 1236 permittere.
1116 1154 1229 1216 Rebus
1253 1153 1295 1218 ef-

227 1261 278 1324 fici
313 1261 516 1336 breuitatem,
549 1261 574 1323 si
611 1281 718 1342 neque
754 1261 871 1324 multas
902 1281 953 1324 res
977 1261 1296 1343 comprehendamus

228 1389 333 1450 neque
356 1367 435 1432 alias
458 1388 556 1450 super
578 1367 659 1430 alias
683 1368 883 1432 cumulemus
907 1379 940 1432 et
963 1391 1012 1445 ea,
1038 1389 1121 1450 quae
1144 1367 1295 1432 subintel·

229 1475 284 1558 ligi
319 1477 456 1557 possint,
494 1478 798 1558 praetermittamus.
847 1477 962 1558 Neque
986 1479 1018 1539 in
1044 1478 1228 1540 narratione
1252 1479 1296 1540 in·

228 1584 380 1666 cipienda
413 1582 596 1662 πόῤῥωθεν
631 1584 902 1665 proficiscendum
938 1603 1010 1648 esse
1041 1605 1147 1666 neque
1180 1586 1213 1648 in
1246 1585 1294 1659 iis,

227 1713 312 1774 quae
345 1690 409 1754 alio
445 1693 636 1773 pertineant,¹
673 1693 951 1756 commorandum.
1000 1693 1095 1774 Quae
1118 1694 1228 1755 omnia
1251 1691 1295 1756 hi-

226 1800 346 1864 storiae
380 1800 487 1881 magis
511 1817 608 1881 quarn
632 1800 808 1862 narrationi
832 1801 1015 1874 conuenire.
1063 1792 1125 1863 His
1148 1801 1294 1864 Theonis

228 1907 412 1988 praeceptis
446 1907 679 1970 conuenienter
713 1907 852 1969 Babrius
886 1907 920 1968 in
943 1905 1059 1969 sabulis
1083 1908 1203 1989 ubique
1228 1906 1295 1970 fere

227 2015 260 2077 in
283 2015 408 2078 medias
432 2033 483 2076 res
506 2015 628 2089 incidit,
654 2024 751 2096 atque
776 2013 959 2096 ubicunque
983 2014 1150 2078 breuitatis
1173 2015 1293 2077 studio·

226 2140 281 2184 sus
305 2121 442 2197 exsistit,
466 2119 510 2183 τὰ
523 2121 696 2203 κεφάλαια
712 2121 782 2184 sola
797 2123 980 2204 argumenti
996 2123 1143 2204 exponit.
1191 2121 1226 2185 Si
1242 2125 1294 2184 au·

227 2238 291 2292 tem
317 2249 356 2292 ea
379 2229 578 2310 respicimus
604 2249 695 2311 quae
712 2229 812 2293 habet
835 2230 928 2293 Theo
953 2230 995 2292 de
1017 2229 1164 2291 oratione
1188 2229 1295 2292 uerbis

227 2336 451 2400 contrahenda
486 2335 550 2420 (W.
581 2336 595 2398 l
619 2357 651 2417 p.
681 2339 764 2416 190),
790 2337 949 2418 praecipit
973 2357 1014 2399 ne
1038 2337 1207 2399 breuitatis
1230 2347 1293 2399 stu·

228 2443 339 2506 diosus
372 2445 567 2524 synonymis
600 2454 715 2506 utatur.
763 2442 964 2525 Synonymis'
999 2445 1086 2507 enim
1111 2443 1161 2506 uel
1186 2444 1294 2507 uerbis

227 2551 314 2614 idern
355 2550 421 2614 sere
452 2551 711 2633 significantibus
746 2553 963 2614 narrationem
998 2551 1180 2633 longiorem
1216 2551 1293 2613 fieri.

228 2658 337 2739 Quam
360 2658 506 2721 Theonis
529 2660 571 2721 de
594 2659 789 2738 synonymis
813 2659 1075 2721 obseruationem
1093 2659 1238 2734 Babrius‚
1256 2668 1292 2720 ut

228 2754 406 2830 orationem
432 2765 653 2848 amplificaret,
677 2766 765 2828 haud
789 2768 901 2846 paucis
918 2765 997 2828 locis
1014 2767 1201 2829 adhibuisse
1218 2766 1295 2830 mihi

228 2874 357 2937 uidetur
379 2884 415 2936 ut
443 2889 491 2948 10,
518 2875 550 2936 8:
577 2871 679 2936 ἔθυεν
702 2873 816 2953 quch’
842 2872 992 2936 ἱκέτευεν
1007 2872 1125 2953 ἠρώτα
1140 2884 1173 2936 et
1189 2885 1241 2953 75,
1259 2873 1294 2936 6:

229 2980 270 3042 οὐ
294 2981 477 3066 novancuria
501 2993 542 3043 σε
566 2978 816 3060 οὐδ’ἐνεδρεύω
840 2992 872 3044 et
895 2983 945 3062 76,
965 2999 998 3045 2:
1017 2981 1164 3062 ἐκρίθιζε
1178 2983 1295 3060 κᾶτρε·

230 3107 302 3169 (per.
351 3087 399 3150 Cs.
425 3089 521 3151 etiam
549 3104 599 3167 33,
629 3105 771 3166 192-20;
798 3091 849 3168 85,
875 3107 896 3168 4
919 3101 952 3152 et
974 3090 1010 3167 6;
1038 3091 1110 3165 ¹106,
1137 3106 1165 3169 7.

335 3195 387 3258 Ex
412 3193 601 3276 Quintiliani
625 3197 727 3258 instit.
754 3206 833 3260 orat.
859 3196 883 3272 Ι,
908 3214 939 3276 9,
965 3214 983 3258 2
1009 3199 1076 3260 erui
1098 3208 1209 3279 potest
1228 3197 1295 3259 rhe-

228 3312 315 3364 tores
347 3303 446 3364 etiam
482 3303 511 3364 in
543 3284 682 3388 ¹sabulis¹
700 3305 877 3366 tractandis
901 3303 1085 3386 complures
1108 3305 1296 3367 eruditionis

228 3410 348 3490 gradus
383 3411 584 3474 discreuisse.
632 3410 679 3473 lbi
704 3412 788 3474 enim
813 3411 971 3473 docemur
994 3433 1013 3473 a
1037 3410 1203 3473 tirunculis
1228 3433 1294 3474 uer-

156 3523 157 3526 ’
227 3537 282 3579 sus
316 3525 440 3580 tantum
477 3517 653 3581 soluendus
680 3539 751 3582 esse
785 3528 841 3582 aut
877 3518 1003 3582 fabulas
1033 3520 1165 3582 mutatis
1188 3519 1296 3581 uerbis

227 3625 496 3708 interpretandas
521 3626 639 3688 deinde
664 3647 729 3701 eos,
755 3627 809 3708 qui
834 3648 893 3688 usu
918 3627 1023 3706 magis
1047 3627 1294 3707 processissent,

228 3733 261 3794 in
294 3743 486 3814 argumento
523 3733 713 3813 paraphrasi
747 3736 957 3814 exponendo,
1001 3735 1160 3798 interdurn
1197 3734 1295 3797 etiam

228 3838 407 3902 breuiando
442 3851 475 3903 et
498 3839 730 3921 amplificando
753 3843 896 3904 exerceri
919 3841 1034 3904 solitos
1058 3862 1138 3904 esse.
1187 3841 1295 3903 Facile

227 3965 305 4008 uero
341 3946 526 4028 intelligitur
560 3969 707 4010 summae
731 3947 827 4010 fuisse
852 3949 1041 4012 eruditionis
1065 3969 1150 4010 noua
1175 3947 1294 4010 sabula-

228 4051 329 4118 larum
353 4066 544 4137 argumenta
567 4057 765 4136 excogitare,
791 4076 890 4137 quam
914 4057 957 4120 ob
983 4078 1048 4119 rem
1074 4057 1171 4118 etiarn
1190 4056 1293 4130 Theo,
