3244 4868
670 400 845 465 ..71-

219 598 314 662 Babr.
341 599 383 662 86
405 607 439 662 et
464 595 572 662 Halm.
600 615 637 678 31
666 600 830 661 interesse.
872 598 1008 679 Propius
1024 600 1107 660 inter
1122 619 1158 662 se
1174 599 1288 662 cohae-

220 725 289 768 rere
322 704 431 770 Halm.
469 722 506 786 31
546 717 578 769 et
612 705 781 788 exemplar
815 705 931 768 Dionis
961 705 1188 786 Chrysostomi
1211 707 1288 769 inde

219 811 442 889 concluserim,
478 814 567 896 quod
601 814 652 876 hic
675 827 729 893 47.
756 835 786 895 p.
814 829 887 892 233.
914 813 953 876 R.
978 813 1088 898 (quem
1111 812 1220 876 locum
1244 834 1287 876 ex

219 921 453 984 commentario
488 920 726 1002 Dillenburgeri
761 920 944 984 Horatiano
979 922 1021 982 ad
1048 920 1109 1002 Ep.
1135 921 1158 996 1,
1185 936 1214 1001 7,
1242 937 1284 1000 29

220 1029 373 1108 cognoui)
408 1028 489 1092 sicut
525 1027 633 1092 Halm.
670 1045 706 1108 31
746 1026 842 1107 δρῦν,
879 1028 1015 1090 Babrius
1043 1038 1150 1092 autem
1176 1026 1288 1110 φηγόν

220 1135 404 1198 introducit.
424 1209 426 1214 .
452 1133 577 1198 Omnes
606 1146 716 1202 tamen
741 1137 783 1198 ad
807 1137 893 1197 idem
917 1135 1086 1224 exemplar
1111 1135 1289 1216 principale

220 1241 403 1305 referendas
438 1263 510 1304 esse
533 1263 575 1304 ex
599 1243 648 1306 his
671 1234 888 1306 similitudinis
911 1242 1071 1323 exemplis
1094 1242 1288 1306 concludere
1394 1263 1396 1268 ·

219 1349 330 1412 uelim:
369 1349 464 1412 Babr.
491 1351 542 1426 86,
568 1351 602 1412 6:
627 1349 738 1412 οὐκέτ’
764 1349 853 1430 εἶχεν
877 1348 1016 1424 ἐκδῦναι
1039 1376 1084 1408 ::
1108 1349 1216 1413 Halm.
1244 1367 1281 1428 31

219 1457 284 1520 οὐκ
317 1455 466 1537 ἠδύνατο
500 1458 652 1532 ἐξελθεῖν
673 1484 718 1516 =
742 1458 816 1520 Dio.
843 1457 1027 1538 Chrysost.:
1046 1457 1118 1520 ὀὐκ
1141 1455 1287 1521 ἐδύνατο

214 1565 371 1639 -ἐξελθεῐν
405 1575 438 1627 et
461 1564 569 1628 Halm.
597 1582 647 1644 31:
673 1564 776 1644 ἑτέρα
798 1563 839 1627 δὲ
853 1563 991 1646 ἀλώπηξ
1010 1563 1093 1647 τῇδε
1115 1567 1288 1645 παριοῦσα

220 1671 403 1753 εἰσήκουσε
426 1673 533 1753 αὐτῆς
555 1661 621 1735 τῶν
644 1674 841 1755 στεναγμῶν
863 1698 908 1730 =
931 1673 1026 1736 Babr.
1052 1675 1104 1748 86,
1131 1689 1164 1752 7:
1187 1672 1287 1752 ἑτέρη

219 1778 392 1860 δ’ὰλώπηξ
415 1779 463 1858 ὡς
486 1781 613 1860 ἐπῆλθε
635 1778 801 1860 κλαιούσῃ
829 1831 834 1843 .
862 1831 867 1842 .
895 1831 901 1842 .
929 1830 934 1843 .
961 1781 1041 1842 Hor.
1060 1780 1121 1860 Ep.
1140 1781 1164 1855 Ι,
1184 1797 1212 1859 7,
1233 1797 1284 1859 33,

220 1909 416 1970 quamquam
441 1889 582 1969 pessime
606 1898 834 1970 argumentum
859 1888 1050 1969 Aesopeum
1068 1893 1167 1969 po'eta
1183 1908 1286 1950 roma·
1389 1959 1391 1962 ¹

220 2016 279 2059 nus
295 1997 438 2078 corrupit
453 1995 506 2076 (cf.
524 2015 607 2077 quae
623 1997 656 2058 in
672 2015 799 2058 uersum
819 2012 860 2074 30
872 1995 1099 2058 animaduertit
1112 1994 1285 2076 Bentleius

220 2104 311 2166 cuius
344 2104 387 2165 de
417 2103 480 2166 hoc
504 2102 577 2166 loco
601 2103 838 2166 dubitationem
863 2122 1016 2184 magnam
1041 2123 1084 2164 ex
1108 2102 1287 2164 Dillenbur-

220 2212 288 2292 geri
322 2213 557 2274 commentario
586 2232 617 2292 p.
646 2211 709 2290 506
733 2212 897 2291 cognom),
922 2221 955 2272 et
978 2210 1073 2273 Babr.
1100 2211 1151 2285 86,
1177 2227 1287 2289 9-10

219 2318 319 2380 uerba
359 2338 456 2400 quam
492 2320 641 2400 proxime
675 2319 758 2388 inter
793 2338 829 2380 se
863 2338 1013 2380 connexa
1048 2339 1119 2381 esse
1155 2317 1287 2380 Crusius

220 2427 252 2487 in
284 2427 426 2488 editione
460 2448 490 2508 p.
525 2427 566 2506 76
595 2428 730 2488 monuit.
777 2425 913 2488 Addere
938 2425 1034 2489 uelim
1058 2424 1160 2488 uerba
1183 2425 1286 2488 Hora·

220 2534 309 2596 tiana
350 2553 431 2596 uers.
477 2551 518 2612 30
564 2545 742 2615 »pastaque
784 2531 882 2614 pleno
917 2554 1054 2614 corpore
1088 2542 1170 2596 etc.»
1209 2531 1288 2594 mihi

171 2689 174 2694 ,
220 2640 262 2703 de
296 2641 438 2705 dictione
473 2661 592 2720 graeca
626 2641 669 2704 ab
702 2641 839 2722 Aesopo
864 2640 1011 2704 adhibita
1033 2660 1191 2704 conuersa
1215 2659 1287 2702 esse
1390 2647 1394 2654 '

220 2748 331 2823 uideri,
356 2768 439 2829 quae
463 2748 574 2810 subest
597 2750 693 2812 etiarn
719 2749 813 2811 Babr.
837 2749 889 2822 86,
911 2761 941 2828 5:
959 2746 1092 2828 γαστὴρ
1108 2744 1287 2827 δ’ὠγκώθη

221 2883 266 2910 =
289 2853 387 2918 Halm
406 2872 474 2934 .31v:
492 2856 728 2936 ἐξογκωθεῐσα
743 2854 804 2936 τὴν
819 2854 974 2936 γαστέρα
989 2883 1034 2912 =
1050 2855 1164 2937 fragm.
1182 2856 1285 2918 dact:

219 2962 374 3043 γαστέρα
396 2960 537 3043 δ’ὄγκον
561 2960 710 3042 ἔχουσαν
735 3013 741 3026 .
761 3013 767 3027 .
787 2978 821 3026 ,1
841 3011 847 3026 .
867 3013 873 3027 .
899 2964 1007 3026 Etiam
1029 2961 1203 3025 Aelianum
1220 2971 1285 3025 nat.

221 3091 271 3134 an.
308 3070 365 3145 IV,
407 3085 442 3150 15
481 3074 593 3152 (quam
628 3072 845 3134 narrationem
881 3071 1159 3134 ecommentario
1183 3069 1287 3132 Crusii

220 3177 371 3263 cognoui)
407 3182 607 3261 quamquam
640 3180 673 3242 in
696 3180 811 3242 ceteris
835 3178 940 3254 rebus
966 3199 1064 3259 quum
1088 3176 1230 3240 fabulam
1255 3177 1287 3239 in

220 3286 408 3351 miraculum
443 3285 598 3356 naturalis
629 3286 782 3350 historiae
817 3287 998 3358 mutauerit,
1034 3285 1076 3348 ab
1100 3283 1287 3348 auctoribus

220 3396 284 3460 iam
319 3395 582 3458 commemoratis
617 3393 715 3476 longe
749 3395 879 3469 recedit,
904 3393 1041 3456 eandem
1067 3391 1198 3473 phrasin
1222 3390 1286 3453 Ae

219 3523 355 3583 sopeam
391 3503 586 3582 cognouisse
609 3521 651 3565 ex
675 3501 783 3565 uerbis
807 3503 889 3564 eius:
918 3526 931 3559 »
957 3497 1195 3580 παρατείνεται
1218 3497 1287 3577 γὰρ

220 3609 241 3690 ἡ
264 3609 416 3691 γαστήρ»
444 3607 596 3691 colligere
619 3608 724 3672 uelim.

327 3717 452 3782 Fabula
475 3718 583 3780 Babrii
612 3730 682 3796 115,
707 3727 833 3799 quaeet
847 3737 886 3782 ea
898 3715 1113 3782 fabulatorum
1130 3724 1163 3778 et
1179 3725 1286 3778 aucto-

221 3847 290 3888 rum
325 3825 479 3888 naturalis
505 3825 658 3888 historiae
681 3826 863 3888 communis
887 3825 954 3901 suit,
983 3823 1091 3886 multis
1118 3831 1288 3886 auctorum

221 3919 426 4014 antiquorum
451 3932 531 3996 locis
554 3932 650 3994 nobis
673 3942 801 3995 seruata
818 3942 875 3996 est.
913 3931 979 3996 Sed
996 3932 1186 4015 plerumque
1203 3930 1287 3993 adeo

219 4049 344 4104 mutata
380 4040 549 4122 profertur,
585 4051 619 4102 ut
654 4039 757 4102 forma
785 4039 914 4104 fabulae
938 4041 1160 4122 antiquissima
1184 4035 1287 4119 qualis

219 4148 314 4210 suerit
348 4146 570 4210 difficillimum
605 4149 647 4210 sit
681 4159 830 4210 statuere.
880 4148 1127 4224 Ruthersordius
1159 4147 1191 4208 in
1216 4165 1286 4225 pro-
