3244 4868
658 411 832 478 -25..

204 611 372 676 Facillime
407 613 503 675 etiarn
541 613 660 675 facturn
697 633 768 676 esse
803 623 912 695 potest
946 623 980 675 ut
1010 601 1126 675 auctor⁴
1146 613 1197 675 hic
1222 611 1271 674 uel

208 719 259 782 ille
295 719 436 782 fabulam
471 731 527 783 aut
558 721 604 782 'ad
640 721 844 803 prdpositum
880 731 1001 783 certum
1027 720 1194 802 quoddam
1219 731 1274 782 aut

207 828 375 890 arbitrario
413 838 561 891 mutaret.
609 827 800 911 Plerumque
835 835 948 891 tamen
981 827 1097 891 fabulis
1132 829 1214 890 inter
1237 847 1272 890 se

208 937 404 1017 'comparatis
428 937 614 1017 inuestigari
638 946 749 1019 potest
774 938 873 998 utrius
897 937 1037 1000 auctoris
1062 937 1205 998 recensio
1230 936 1272 998 ad

209 1043 330 1108 fontem
355 1044 546 1126 Aesopeum
571 1045 706 1126 propius
729 1044 873 1108 accedat.
1124 1049 1126 1054 '

321 1151 449 1214 Deinde
473 1151 604 1216 Crusius
628 1152 748 1214 ibidem
773 1151 806 1214 in
830 1150 1066 1232 encyclopedia
1090 1151 1273 1213 Wissowae

151 1313 153 1318 .
209 1261 250 1322 ad
287 1279 455 1322 numerum
492 1258 670 1322 fabularum
701 1261 815 1342 prioris
839 1258 910 1321 libri
934 1257 1151 1339 supplendum
1175 1279 1273 1339 quam

208 1369 349 1432 maxime
388 1366 495 1429 ualere
534 1369 578 1428 ait
614 1366 795 1448 fragmenta
833 1365 886 1428 illa
924 1365 1103 1428 fabularum
1140 1365 1272 1446 dactyli·
1366 1451 1367 1455 Ἰ
1397 1428 1401 1432 ,

208 1496 327 1550 carum,
352 1496 435 1557 quae
459 1475 547 1556 apud
572 1473 706 1537 Suidam
731 1473 890 1564 leguntur.
938 1473 1016 1534 Vno
1040 1473 1113 1534 loco
1138 1472 1274 1536 collecta

208 1585 240 1646 in
274 1583 416 1646 editione
452 1581 555 1647 Crusii
590 1601 665 1663 pag.
704 1595 873 1660 215--221
903 1581 1060 1663 leguntur.
1109 1580 1275 1644 Subtiliter

208 1691 255 1754 uir
278 1691 496 1765 doctissimus
521 1700 556 1753 ut
579 1691 642 1751 iam
667 1691 910 1770 supramonui,
935 1691 1075 1752 coniecit
1091 1689 1273 1770 fragmenta

208 1799 369 1879 dactylica
392 1799 501 1860 omnia
524 1799 567 1859 ad
591 1798 768 1859 imitatores
793 1797 873 1873 illos,
899 1799 954 1880 qui
979 1798 1147 1878 prooemio
1165 1807 1271 1878 poste·

209 1907 289 1969 riore
326 1906 611 1988 reprehenduntur,
648 1904 871 1968 transferenda
906 1925 986 1968 esse.
1035 1904 1142 1986 Quam
1173 1905 1200 1966 si
1224 1925 1274 1966 ac·

208 2015 388 2096 ceperimus
423 2015 652 2088 coniecturam,
686 2012 777 2075 facile
801 2015 861 2074 erit
884 2013 1058 2076 ostendere
1082 2024 1273 2093 argumenta

208 2122 325 2195 omnia,
352 2141 435 2202 quae
460 2121 649 2201 fragmentis
673 2120 843 2201 dactylicis
868 2120 1081 2202 proferuntur,
1107 2141 1148 2182 ex
1167 2120 1273 2200 priore

208 2228 314 2290 Rabrii
350 2227 431 2290 libro
467 2239 597 2308 sumpta
632 2247 741 2290 ueram
777 2229 936 2308 originem
969 2227 1159 2308 Aesopeam
1196 2247 1273 2308 prae

207 2355 242 2398 se
267 2335 357 2398 ferre.
394 2336 446 2398 Ex
470 2335 577 2397 uerbis
601 2337 686 2398 enim
711 2335 819 2396 Babrii
843 2336 1002 2416 prooemii
1020 2335 1054 2397 .ll
1072 2354 1182 2397 eruere
1198 2333 1273 2397 licet

208 2449 323 2523 poetas
336 2443 599 2524 fragmentorum,
614 2463 714 2525 quum
728 2443 868 2523 priorem
882 2462 973 2503 suurn
988 2441 1102 2505 librum
1115 2442 1275 2504 emisisset

175 2609 180 2618 ,
208 2551 352 2625 BabriuS,
378 2549 503 2613 fabulas
526 2569 601 2612 suas
618 2551 849 2632 conscripsisse
866 2569 970 2630 eaque
985 2548 1055 2612 sola
1071 2561 1272 2628 argumenta,

207 2679 291 2740 quae
328 2660 358 2720 in
388 2658 451 2721 hoc
476 2657 557 2720 libro
581 2667 719 2720 tractata
743 2667 843 2732 erant,
868 2657 1011 2719 imitatos
1035 2677 1115 2720 esse.
1164 2655 1273 2738 Quum

207 2775 314 2827 autern
351 2765 486 2828 Babrius
521 2766 553 2827 in
582 2766 688 2846 priore
711 2785 771 2826 suo
795 2763 877 2826 libro
901 2774 1092 2845 argumenta
1118 2763 1274 2845 Aesopea

206 2872 276 2935 sola
310 2873 522 2948 tractauisset‚
560 2872 646 2934 haud
682 2873 837 2934 audacius
860 2873 919 2934 erit
943 2873 1140 2934 contendere
1164 2873 1273 2934 omnia

206 2990 396 3062 argumenta
431 3000 479 3054 ea,
516 2999 600 3062 quae
635 2979 824 3060 fragmentis
859 2960 1028 3059 dactylicis
1059 2980 1271 3054 continentur,

206 3090 302 3151 etiam
339 3109 387 3163 ea,
424 3108 508 3169 quae
545 3088 575 3149 in
611 3086 698 3148 libris
734 3087 870 3149 Phaedri
894 3088 1020 3161 desunt,
1046 3087 1087 3148 ad
1113 3085 1271 3148 collectio-

206 3217 280 3258 nem
305 3196 505 3276 Aesopeam,
531 3215 628 3276 quam
653 3194 801 3256 adhibuit
824 3194 968 3270 BabriuS,
987 3193 1172 3257 referendas
1189 3213 1269 3256 esse.

206 3305 341 3367 Babrius
375 3324 475 3385 quum
512 3303 620 3364 multis
655 3304 748 3364 annis
784 3312 858 3382 post
894 3301 1008 3365 librum
1033 3303 1046 3364 l
1071 3303 1194 3365 editum
1219 3300 1269 3386 (cf.

206 3411 308 3476 Crusii
344 3413 385 3473 de
421 3411 515 3474 Babr.
552 3421 613 3473 aet.
651 3429 723 3491 pag.
766 3412 842 3491 240)
876 3409 1010 3472 alter'um
1047 3412 1079 3473 in
1108 3408 1272 3491 publicum

206 3521 351 3583 emittere
375 3518 479 3594 uellet,
505 3520 643 3600 priorem
669 3529 776 3580 autern
802 3539 820 3580 a
844 3537 879 3580 se
903 3519 1068 3582 inuentam
1094 3516 1272 3580 fabularum

205 3629 505 3708 componendarum
543 3627 698 3689 rationem
724 3626 766 3688 ab
790 3625 860 3688 aliis
884 3626 945 3688 sibi
969 3636 1114 3708 ereptam
1139 3625 1273 3700 uideret,

205 3737 268 3796 iam
303 3736 388 3797 uiam
424 3734 586 3796 scribendi
624 3754 742 3796 nouam
772 3734 894 3796 furibus
917 3734 1084 3815 castigatis
1108 3734 1273 3814 ingressus

205 3853 263 3905 est.
312 3842 347 3906 Si
382 3843 478 3923 igitur
512 3842 682 3903 statuimus
717 3863 736 3903 a
770 3842 888 3904 Babrio
923 3841 1122 3922 pependisse
1157 3848 1273 3922 poetas

206 3949 439 4031 dactylicorunr
476 3949 740 4030 fragmentorum,
780 3959 867 4012 certe
906 3949 1102 4011 credendum
1143 3959 1193 4010 est
1231 3969 1273 4010 ex

205 4058 332 4139 sylloge
368 4059 523 4139 Aesopea
559 4057 813 4140 antiquatortas
848 4077 920 4124 esse
951 4055 1076 4124 fabulas
1100 4075 1164 4131 eas
1190 4076 1274 4140 quae

207 4165 396 4252 fragmentis
420 4166 565 4238 subsunt.
