3260 4882
797 393 995 455 „140”

361 590 592 656 scholasteum
615 600 729 653 secuto
763 589 851 652 haud
885 590 984 653 dubie
1017 589 1154 652 electum
1179 601 1238 666 est,
1264 567 1314 651 cui
1338 609 1430 670 argu-

364 708 508 762 mentum
529 697 623 784 villud
656 697 830 780 ann'quius,
867 697 956 780 quod
991 697 1034 763 de
1067 679 1204 760 mustela
1232 698 1274 761 ab
1298 698 1431 760 homine

364 827 483 889 prensa
516 817 595 882 erat,
631 805 820 888 implicaret.
868 805 976 868 Etiam
1012 804 1119 868 Halm.
1150 819 1207 885 195
1241 817 1274 868 et
1299 808 1363 886 356
1387 807 1429 868 ad

359 915 501 978 eandem
535 915 694 996 originem
729 912 914 976 referendas
948 931 1019 976 esse
1054 923 1201 994 apparet.
1249 913 1276 974 E
1312 914 1431 995 quibus

364 1021 516 1086 omnibus
549 1011 672 1088 elucet·
696 1031 728 1084 et
762 1029 927 1082 auctorem
964 1019 1072 1083 Babrii
1104 1030 1137 1083 et
1169 1020 1251 1084 alios
1285 1020 1431 1083 rhetores

363 1141 486 1193 sectam
521 1128 658 1192 similem
693 1126 865 1209 amplexos
899 1149 941 1190 ex
976 1138 1168 1210 argumento
1200 1127 1294 1191 Babr.
1322 1143 1361 1208 27
1387 1155 1432 1186 z

364 1237 499 1300 Phaedr.
535 1237 559 1312 Ι,
597 1251 637 1298 22
662 1255 774 1299 ansam
799 1235 841 1297 ad
866 1254 970 1298 nouas
995 1234 1120 1298 tabulas
1144 1235 1357 1298 inueniendas
1381 1255 1430 1296 ce·
1507 1293 1509 1298 .

365 1346 461 1427 pisse.
509 1344 555 1406 Vt
587 1353 695 1410 autem
732 1343 775 1404 ad
810 1343 905 1406 Babr.
944 1343 1006 1406 lab.
1043 1344 1064 1405 6
1096 1345 1275 1416 redeamus,
1301 1344 1332 1404 in
1357 1362 1440 1404 earn,

365 1450 519 1514 nonnulla
554 1450 691 1514 fortasse
726 1451 833 1526 etiam,
870 1471 955 1531 quae
983 1452 1026 1512 ad
1050 1451 1150 1512 uitam
1175 1451 1313 1531 piscium
1337 1451 1430 1531 perti-

364 1579 440 1623 nere
463 1559 631 1621 audiuerat
654 1569 776 1632 auctor,
801 1560 949 1622 Immixta
971 1579 1044 1620 esse
1067 1567 1216 1638 possunt,
1241 1567 1276 1619 ut
1298 1577 1381 1620 uers.
1411 1560 1430 1619 8

159 1745 162 1752 Δ
365 1667 453 1748 quod
490 1664 662 1746 pisciculus
696 1685 731 1727 se
766 1685 870 1747 nuper
905 1686 924 1728 a
958 1676 1061 1728 matre
1086 1667 1127 1727 ad
1152 1685 1268 1729 saxum
1292 1665 1430 1726 eiectum

364 1795 436 1838 esse
474 1775 561 1848 dicit,
602 1774 645 1835 ad
672 1773 817 1836 vsimilem
850 1775 1056 1854 antIquorum
1092 1773 1287 1835 sententiam
1322 1772 1431 1834 referri

253 1895 261 1900 ’
365 1903 463 1964 posse
494 1882 620 1944 uidetur
652 1891 749 1961 atque
779 1880 907 1944 Aelian.
933 1891 998 1944 nat.
1024 1901 1076 1943 an.
1101 1880 1157 1954 IX,
1181 1880 1235 1958 63,
1260 1880 1314 1942 ubi
1338 1880 1432 1942 disci-

364 2011 435 2052 mus
470 1988 642 2052 nonnullos
666 1989 781 2068 pisces
805 2007 868 2050 oua
891 1988 997 2051 arenis
1024 2013 1037 2046 l
1065 1986 1371 2074 προσαποτρίβειν»
1399 1999 1432 2051 et

364 2097 450 2172 XIII,
488 2114 517 2176 3,
553 2097 607 2158 ubi
643 2095 789 2159 nonnulli
824 2097 930 2176 pisces
965 2097 1046 2158 inter
1081 2095 1285 2158 saxauitam
1310 2097 1431 2176 degere

364 2205 523 2267 dicuutur.
568 2203 623 2266 Ad
649 2223 777 2266 uersum
807 2221 854 2279 10,
879 2224 946 2285 quo
971 2202 1143 2284 pisciculus
1166 2223 1202 2266 se
1225 2201 1316 2284 algas
1341 2204 1431 2266 mari-

364 2333 423 2374 nas
447 2314 619 2376 comedere
642 2311 768 2386 latetur,
794 2309 1016 2374 illustrandum
1042 2312 1152 2374 nescio
1176 2332 1218 2374 an
1234 2310 1342 2374 ualere
1359 2331 1431 2392 pos

363 2421 405 2482 sit
428 2417 555 2482 Aelian.
580 2429 645 2482 nat.
672 2439 722 2482 an.
748 2418 834 2494 XIII,
862 2435 889 2497 3,
915 2419 970 2480 ubi
987 2419 1140 2482 discimus
1160 2417 1284 2500 »φυκία
1300 2416 1433 2500 τροφὴν
1506 2467 1508 2474 ,
1615 2385 1616 2434 1

363 2525 488 2608 ἰχθύων
511 2519 628 2590 alum».

471 2633 628 2697 Fabulam
666 2649 684 2714 7
708 2635 847 2715 uestigia
877 2635 1040 2696 rhetorum
1065 2634 1227 2697 scribendi
1251 2636 1328 2696 artis
1353 2654 1431 2715 prae

363 2763 399 2806 se
434 2742 601 2805 serreIam
626 2739 786 2804 alioloco
811 2742 1015 2805 dictumest.
1063 2741 1231 2823 Originem
1256 2752 1364 2804 autem
1390 2741 1433 2802 l·
1464 2752 1465 2756 ’

363 2849 458 2913 bulae
481 2851 508 2912 si
532 2851 724 2931 quaerimus,
749 2851 813 2912 iam
838 2851 942 2930 primo
960 2850 1075 2912 obtutu
1091 2859 1228 2930 apparet
1244 2869 1316 2912 eam
1333 2869 1431 2930 quam

364 2959 512 3039 proxime
547 2977 620 3018 cum
657 2957 751 3020 Babr.
789 2958 830 3037 76
859 2958 1041 3031 cohaerere,
1066 2977 1172 3038 neque
1196 2977 1230 3018 re
1254 2977 1330 3019 uera
1353 2958 1432 3019 satis

362 3066 433 3127 scio
456 3085 497 3128 an
522 3065 622 3126 etiam
647 3065 727 3127 haec
752 3064 861 3128 Iabula
886 3066 927 3126 ad
951 3065 1037 3126 idem
1056 3064 1263 3145 prouerbium
1281 3064 1322 3126 ad
1341 3067 1431 3145 quod

279 3252 282 3256 ἱ
363 3171 417 3235 illa
440 3170 663 3235 illustrandum
688 3175 873 3254 conscripta
896 3193 968 3234 esse
993 3173 1106 3253 possit.
1151 3171 1320 3236 Summam
1344 3173 1430 3235 enim

363 3279 492 3343 fabulae
527 3282 664 3363 eandem
700 3301 772 3343 esse
808 3279 901 3342 facile
925 3291 975 3342 est
998 3281 1117 3342 uidere.
1166 3279 1279 3359 Equus
1303 3279 1431 3342 ferocis-

363 3390 463 3450 SImus
486 3409 586 3470 quum
610 3409 739 3470 semper
766 3386 886 3465 »κενὸς
901 3387 1152 3467 παρέλκεσθαι»
1172 3391 1252 3469 (qua
1268 3388 1309 3450 de
1322 3386 1431 3468 phrasi

363 3495 402 3560 cf.
444 3495 588 3559 Rutherf.
629 3507 802 3560 comment.
844 3515 919 3577 pag.
964 3494 1014 3578 12)
1049 3497 1202 3558 adsuetus
1235 3505 1331 3568 esset,
1356 3504 1432 3574 post

364 3615 501 3668 mortem
536 3605 617 3666 asini
652 3605 723 3684 ipse
757 3605 828 3666 uice
852 3604 931 3666 asini
958 3603 1098 3683 fungens
1122 3603 1328 3684 prouerbium
1354 3602 1431 3666 illud

369 3711 557 3793 »ἀφ’ἵππων
572 3709 747 3789 ἐπ’ὄνους»
760 3731 858 3794 quam
868 3713 992 3793 optime
1001 3709 1179 3774 Illustrauit.
1197 3709 1314 3774 Melius
1322 3721 1431 3774 tamen

363 3817 426 3882 alia
460 3821 584 3882 ratione
618 3818 797 3882 fabularum
824 3836 841 3899 7
867 3830 899 3881 et
924 3819 966 3899 76
989 3819 1132 3880 societas
1153 3817 1318 3900 explicari·
1333 3837 1432 3899 posse

363 3928 498 3991 uidetur.
547 3926 724 4009 Praecepto
759 3929 844 3989 enlm
870 3926 913 3989 illi
937 3926 1083 3989 Theonis
1107 3927 1339 3988 conuenienter
1361 3936 1431 3989 tota

364 4019 471 4098 fabula
509 4051 527 4115 7
563 4055 604 4097 eo
640 4035 740 4098 modo
775 4055 818 4098 ex
842 4034 951 4098 fabula
976 4035 1018 4114 76
1042 4045 1114 4097 orta
1137 4055 1209 4096 esse
1234 4034 1370 4108 uidetur,
1397 4045 1431 4096 ut

363 4163 461 4228 quum
498 4164 516 4211 e
551 4163 645 4210 uersu
680 4141 742 4210 fab.
783 4143 833 4228 76,
864 4159 915 4210 10:
945 4143 1075 4229 »σάγην
1098 4139 1139 4208 δὲ
1161 4139 1282 4222 νώτοις
1306 4139 1431 4225 ἔφερεν
1467 4215 1471 4224 Ι
