3244 4868
670 392 847 478 ..„57„.

330 609 397 675 Sed
431 611 493 672 hac
528 631 562 673 re
597 614 824 692 praetermissa
855 633 897 676 ex
921 613 1072 675 omnibus
1096 613 1162 676 fere
1186 614 1292 677 elucet

224 719 283 782 has
319 718 446 782 fabulas
477 719 520 780 ad
545 739 642 782 unam
666 721 871 801 eandemque
895 721 1053 802 originem
1077 735 1191 785 omnes
1215 720 1292 784 refe·

223 829 341 890 rendas
375 846 457 889 esse.
505 824 614 907 Quam
649 825 798 910 syllogen
829 827 1019 909 Aesopeam
1047 830 1214 911 antiquam
1239 828 1292 892 ali-

223 936 320 1015 quam
346 934 443 996 fuisse
466 934 518 996 uel
541 954 584 996 ex
608 955 648 996 eo
672 934 894 1011 concluserim,
912 936 1082 1017 quodiam
1099 935 1291 1018 Aristopha-

224 1062 282 1104 nes
305 1043 384 1122 Lys.
409 1042 586 1120 626-··629
603 1041 712 1127 (quem
728 1041 835 1106 locum
852 1044 884 1105 iu
901 1044 1136 1106 commentario
1153 1044 1290 1107 Ruther-

223 1148 412 1232 furdiip'ag.
432 1166 471 1229 23
490 1150 612 1230 inueni)
629 1149 745 1212 fabulis
761 1151 905 1214 nondum
924 1153 1108 1232 praeceptis
1125 1152 1290 1215 rhetorum

223 1257 368 1319 tractatis
383 1258 470 1319 idem
486 1236 714 1339 argumentum
730 1277 770 1320 eo
787 1260 887 1322 modo
904 1258 1060 1334 adhibuit,
1080 1269 1115 1321 ut
1131 1270 1291 1341 appareat

223 1384 297 1427 eum
312 1365 396 1427 hanc
413 1365 518 1445 ipsam
533 1363 675 1428 fabulam
688 1367 893 1446 cognouisse.
920 1366 1012 1455 Haec
1025 1368 1110 1428 euim
1124 1365 1290 1448 leguntur:

267 1469 364 1534 δεινὰ
386 1472 455 1552 γάρ
478 1493 529 1535 τοι
551 1470 658 1535 τάσδε
681 1469 782 1553 γ’ἤδη
802 1471 884 1552 τοὺς
898 1471 1038 1551 πολίτας
1052 1473 1240 1550 νουθετεῖν,

201 1636 204 1642 .
266 1577 323 1641 καὶ
346 1580 463 1642 λαλεῖν
484 1579 651 1659 γυναῖκας
674 1577 785 1658 οὔσας
808 1579 955 1658 ἀσπίδος
977 1582 1105 1662 χαλκῆς
1129 1581 1215 1661 πέρι,

268 1684 325 1749 καὶ
349 1684 559 1750 διαλλάττειν
581 1686 669 1767 πρὸς
693 1687 782 1771 ἡμᾶς
805 1685 973 1768 ἀνδράσιν
996 1687 1222 1767 Λακωνικοῖς,
1315 1684 1319 1694 “

268 1791 336 1857 οἷσι
358 1793 477 1858 πιστὸν
500 1793 614 1871 οὐδέν,
640 1797 670 1857 ai
693 1795 736 1879 μή
760 1814 824 1875 περ
847 1793 940 1879 λύκῳ
962 1795 1125 1876 κεχηνότι.

330 1900 457 1983 Quibus
485 1903 633 1966 uersibus
657 1903 939 1967 Lacedaemonios
962 1923 1035 1966 cum
1061 1902 1139 1985 lupo
1164 1901 1292 1966 fabulae

223 2011 406 2090 comparari
430 2010 522 2074 facile
546 2021 595 2073 est
618 2011 738 2074 uidere.
786 2011 824 2073 Id
847 2012 934 2074 enim
957 2011 1035 2074 dicit
1054 2009 1293 2092 Aristophanes

223 2119 502 2198 quemadmodum
514 2109 637 2200 'lupum
663 2139 764 2200 puero
782 2117 919 2194 fabulae,
937 2119 981 2180 ita
998 2118 1291 2194 Lacedaemonios

224 2243 324 2304 quum
348 2226 496 2288 uiderent
520 2225 670 2288 mulieres
694 2247 713 2288 a
736 2227 811 2288 uiris
835 2226 901 2294 suis
924 2225 1092 2300 dissidere,
1114 2225 1292 2288 Athenien·

223 2331 313 2394 sibus
336 2333 412 2395 uiris
435 2335 587 2408 insidiari,
615 2353 713 2416 quum
738 2343 907 2414 sperarent
923 2351 981 2396 eos
997 2333 1058 2395 sibi
1075 2333 1117 2396 ab
1134 2333 1292 2396 uxoribus

223 2424 387 2520 proditum
411 2442 457 2504 iri.
505 2441 690 2523 Aristoph:
714 2441 969 2505 Lacedaemonii
984 2469 1030 2496 =
1045 2440 1125 2504 Fab.
1137 2440 1290 2521 :-Lupus;

223 2546 409 2628 Aristoph.:
446 2548 516 2610 Viri
551 2549 840 2612 Athenienses:
863 2530 958 2611 Fab.:
984 2547 1079 2624 Puer;
1107 2545 1290 2628 Aristoph:

223 2642 377 2717 Feminae
416 2655 637 2719 Athenienses
675 2683 721 2712 =
758 2656 853 2719 Fab.:
890 2657 996 2718 Anus.
1045 2656 1121 2718 Non
1156 2655 1291 2717 dubium

222 2762 319 2846 igitur
342 2771 391 2824 est
415 2764 491 2844 quin
517 2763 668 2840 fabulam,
691 2785 757 2827 non
774 2764 980 2844 prouerbium
997 2747 1166 2838 solum,¹ut
1182 2762 1293 2826 statuit

157 2902 160 2908 ·
223 2869 481 2947 Rutherfordius‚
499 2871 741 2952 Aristophanes
757 2873 957 2952 cognouerit.
983 2870 1135 2934 Ceterum
1150 2867 1291 2932 fabulam

223 2977 287 3038 iam
328 2979 468 3060 antiquis
503 2979 706 3059 temporibus
740 2980 773 3041 in
807 2978 1018 3061 prouerbium·
1051 2978 1170 3040 abiisse
1205 2986 1292 3040 certe

222 3085 421 3148 credendum
456 3095 514 3162 est,
540 3097 639 3167 atque
674 3095 782 3149 aetate
816 3087 980 3149 rhetomm
1016 3086 1231 3166 posteriorum
1259 3084 1292 3146 id

222 3191 327 3274 magis
362 3213 459 3274 quam
495 3195 599 3275 ipsam
632 3193 775 3256 fabulam
800 3193 947 3256 floruisse
971 3194 1048 3255 iude
1072 3191 1292 3273 colligendum

222 3309 281 3376 est,
306 3301 395 3381 quod
420 3311 452 3364 et
475 3302 507 3363 in
532 3300 644 3364 litteris
667 3301 737 3363 eius
760 3301 917 3382 temporis
940 3301 1134 3380 saepissime
1154 3300 1293 3361 occurrit

223 3407 274 3490 (cs.
305 3407 571 3471 Ruthersordium
595 3407 614 3470 l.
637 3407 693 3493 ‚l.*)
717 3418 749 3470 et
773 3429 793 3470 a
816 3407 935 3470 Babrio
960 3409 992 3470 in
1017 3409 1122 3487 ipsam
1146 3405 1290 3468 fabulam
1404 3418 1406 3422 ’

222 3515 267 3577 ita
300 3517 457 3592 inseritur,
494 3526 529 3579 ut
563 3515 737 3578 lectoribus
773 3517 979 3597 perspicuum
1012 3516 1054 3577 sit
1081 3514 1291 3595 prouerbium
1361 3589 1362 3592 Ἴ

223 3624 339 3704 respici
363 3623 413 3709 (cs.
439 3643 521 3686 uers.
547 3623 588 3708 6).

329 3730 365 3794 Si
388 3731 430 3793 ad
454 3730 581 3794 fabulas
607 3732 648 3811 36
672 3741 704 3793 et
724 3731 768 3809 64
785 3728 970 3811 diligentius
987 3728 1175 3792 tractandas
1189 3739 1290 3791 trans·

223 3823 395 3920 gradimur,
443 3841 506 3902 iam
553 3839 626 3920 ipso
673 3847 875 3920 argument0‚
926 3839 957 3899 in
1005 3857 1071 3918 quo
1114 3847 1291 3911 uersautut‚

331 4087 357 4156 ‘)
383 4095 425 4144 Ad
453 4093 532 4153 locos,
561 4095 605 4143 ubi
634 4093 744 4142 occurrit
773 4092 944 4156 prouerbium,
965 4109 979 4140 a
998 4070 1181 4140 Rutheriordio
1200 4089 1291 4139 allatos

224 4185 319 4235 addere
338 4200 442 4250 possum
461 4184 537 4233 etiam
556 4183 658 4233 Aeliani
678 4189 729 4233 nat.
748 4197 788 4233 an.
808 4181 866 4240 VII,
890 4195 929 4239 11,
949 4181 967 4231 l.
988 4180 1021 4244 38
1041 4175 1190 4246 (Hercher).
