3260 4882
777 385 976 450 -126-

344 601 460 664 niciem
495 600 644 662 cadunt.»
696 600 854 665 Fabulam
890 603 944 676 ΙΙΙ,
975 619 1014 665 10
1038 601 1295 683 pulcherrimam,
1321 605 1411 667 cuius

344 708 485 770 narratio
519 708 655 788 copiosa
684 718 717 770 et
739 707 838 790 longa
861 711 940 772 satis
964 709 1082 790 probat
1106 711 1203 773 etiam
1228 711 1410 774 Phaedrum

344 813 563 896 amplificandi
598 814 704 897 legem
739 817 945 906 cognouisse,
981 817 1024 880 ab
1059 829 1190 881 auctore
1226 820 1410 901 praeceptis

301 954 313 963 .,
344 923 507 986 rhetorum
531 924 761 986 conuenienter
784 944 858 986 cum
876 923 938 987 alia
955 925 1138 988 narratione
1154 923 1247 1008 (uers.
1269 923 1409 1010 50—60)

345 1031 551 1094 coniunctam
591 1051 664 1093 esse
703 1033 828 1094 moneri
867 1041 984 1112 potest.
1007 1083 1009 1090 ,
1033 1032 1094 1094 His
1133 1043 1242 1096 autem
1283 1034 1409 1120 indiciis

343 1139 476 1220 originis
511 1138 690 1202 rhetoricae
725 1140 960 1220 praetermissis
989 1150 1059 1202 tota
1082 1139 1250 1203 historiola
1272 1161 1315 1203 ex
1339 1161 1410 1204 sen·

343 1247 451 1309 tentiis
485 1244 670 1308 Publilianis
703 1246 843 1309 duabus:
895 1247 1021 1328 »Magis
1045 1247 1128 1310 fidus
1151 1247 1244 1310 heres
1269 1250 1410 1310 nascitur

343 1373 440 1434 quam
464 1353 631 1416 scribitur»
659 1363 692 1414 et
714 1353 851 1416 »Parens
867 1355 966 1416 iratus
982 1354 1066 1416 inse
1083 1365 1132 1417 est
1148 1353 1405 1418 crudelissimus»

342 1469 502 1523 concocta
535 1480 607 1523 esse
641 1461 776 1523 uidetur.
824 1461 967 1524 Fabulae
998 1461 1053 1536 ΙΙΙ,
1070 1478 1119 1540 ·13
1144 1473 1209 1524 tres
1232 1447 1409 1525 sententias

342 1566 537 1630 Publilianas
560 1587 659 1648 quam
683 1570 807 1649 optime
822 1570 996 1634 conuenire
1012 1569 1156 1632 inuenio:
1184 1569 1295 1633 »Bona
1311 1590 1410 1632 causa

343 1674 464 1738 nullum
488 1676 627 1739 iudicem
652 1676 847 1753 uerebitur3»
875 1687 908 1740 et
934 1675 1013 1740 »Sat
1036 1688 1086 1740 est
1109 1677 1249 1740 disertus
1265 1698 1325 1759 pro
1341 1698 1408 1758 quo

309 1844 311 1849 .
342 1781 488 1864 loquitur
518 1784 669 1858 ueritas3»
708 1795 742 1846 et
779 1785 932 1847 »Fatetur
967 1784 1090 1847 facinus
1114 1787 1151 1860 is,
1177 1786 1232 1867 qui
1254 1786 1408 1848 iudicium

341 1890 457 1972 sugit3»
497 1911 634 1972 quarum
668 1902 778 1954 tamen
814 1891 898 1954 hanc
934 1893 1161 1974 potiusquam
1187 1891 1257 1954 illas
1275 1891 1409 1954 ¹fabulae

339 1998 473 2060 subesse
508 2009 543 2060 ut
577 2009 718 2061 statuam
755 2020 794 2062 ea
829 2001 971 2063 maxime
1006 2020 1039 2062 re
1072 2007 1293 2074 commoueor,
1318 2000 1407 2080 quod

339 2105 519 2187 epimythio
544 2105 686 2169 fabulae:
727 2106 841 2169 »Hanc
865 2107 1091 2187 praeterissem
1108 2105 1251 2170 fabulam
1267 2104 1406 2181 silentio,

339 2212 374 2277 Si
398 2223 529 2294 pactam
554 2213 617 2276 fuci
641 2234 705 2276 non
732 2224 935 2276 recusassent
958 2214 1085 2288 fidem»
1113 2215 1183 2294 ipse
1206 2224 1319 2276 auctor
1337 2233 1407 2276 sen-

339 2322 473 2384 tentiam
499 2321 682 2402 respexisse
706 2322 841 2384 uidetur.
871 2321 909 2382 In
925 2321 979 2396 ΙΙΙ,
1002 2334 1038 2400 15
1057 2322 1250 2384 sententiam
1267 2319 1406 2383 Publilii:

342 2427 507 2490 »Beniuoli
542 2430 727 2491 coniunctio
763 2429 861 2491 animi
896 2430 1040 2492 maxima
1075 2439 1124 2490 est
1151 2429 1338 2510 cognatio»,
1364 2428 1406 2491 ad

340 2555 437 2616 quam
476 2537 693 2598 narrationem
732 2536 840 2598 fictam
880 2557 952 2598 esse
990 2538 1099 2611 credo,
1138 2537 1246 2599 uerbis
1280 2545 1406 2599 tantum

338 2644 470 2705 mutatis
497 2643 668 2706 Phaedrus
703 2663 797 2706 uersu
838 2646 890 2706 18:
942 2631 1053 2706 »Facit
1087 2654 1239 2724 parentes
1263 2643 1403 2718 bonitas,

321 2757 404 2813 'non
441 2753 635 2813 necessitas»
674 2752 853 2814 seruauisse
888 2745 1023 2813 uidetur.
1072 2750 1230 2820 Fabulam
1265 2750 1322 2826 ΙΙΙ,
1363 2767 1399 2812 21

339 2869 454 2920 auctor
487 2859 672 2939 praeceptis
707 2858 870 2920 rhetorum
906 2859 1137 2922 conuenienter
1171 2870 1204 2920 et
1238 2879 1311 2920 cum
1342 2857 1405 2920 alia

338 2966 523 3027 narratione
558 2965 726 3028 coniunxit
761 2975 794 3026 et
817 2967 860 3026 ad
883 2967 1076 3028 sententiam
1101 2965 1296 3047 generalem,
1321 2985 1406 3046 quae

337 3074 426 3154 apud
461 3071 629 3135 Publilium
666 3084 728 3135 est:
780 3073 912 3136 »Auaro
945 3073 1063 3136 acerba
1086 3094 1195 3154 poena
1218 3083 1332 3137 natura
1356 3084 1406 3136 est

336 3201 413 3244 sua»
456 3181 650 3261 composuit.
709 3181 876 3244 Postremo
912 3180 1020 3243 sabula
1054 3180 1146 3262 App.
1183 3180 1245 3242 VII
1281 3182 1405 3262 optime

336 3288 485 3351 illustrari
508 3288 635 3350 uidetur
657 3290 818 3351 sententia
841 3287 980 3352 Publilii:
1021 3287 1106 3370 »Qui
1129 3309 1164 3350 se
1188 3290 1258 3369 ipse
1281 3287 1402 3364 laudat,
1434 3265 1441 3284 ⁹

337 3397 401 3458 cito
437 3396 613 3458 derisorem
649 3382 801 3458 inuenit.»
852 3396 1001 3458 Forsitan
1035 3395 1298 3458 animaduerterit
1321 3397 1403 3476 quis-

336 3504 423 3585 piam
460 3504 575 3564 eadem
611 3501 676 3564 sere
712 3501 941 3584 probabilitate
976 3504 1073 3566 statui
1104 3523 1202 3583 posse
1225 3505 1404 3566 sententias

336 3609 405 3672 illas
439 3631 458 3672 e
493 3609 610 3672 fabulis
646 3630 835 3692 progressas
871 3631 952 3685 esse,
989 3621 1024 3673 ut
1055 3609 1186 3673 Crusius
1211 3609 1253 3694 (in
1278 3610 1401 3691 encycl.

336 3717 434 3780 Wiss
472 3737 547 3798 pag.
585 3718 684 3796 2663)
720 3719 846 3780 monuit
880 3737 1116 3798 saepenumero
1152 3718 1404 3799 prouerbiume

336 3826 559 3888 recordatione
583 3827 699 3888 ueteris
723 3824 853 3888 fabulae
876 3835 981 3888 ortum
1007 3846 1087 3902 esse,
1113 3827 1171 3888 sed
1192 3826 1254 3888 hoc
1270 3824 1403 3906 quidem

336 3930 408 3994 loco
430 3953 470 3994 ne
487 3932 605 3994 oblitus
621 3935 665 3995 sis
681 3934 740 3997 has
757 3953 871 3995 omnes
888 3931 1013 3996 fabulas
1030 3933 1247 3998 Phaedrianas
1263 3933 1404 3996 nouitias

335 4059 407 4104 esse
432 4059 537 4122 neque
560 4041 648 4121 apud
673 4027 770 4102 ullum
795 4050 962 4102 auctorem
986 4040 1083 4104 alium
1108 4061 1283 4117 occurrere,
1302 4060 1403 4120 quum

335 4149 514 4210 sententiae
538 4145 662 4208 Publilii
686 4158 818 4210 auctore
842 4145 969 4210 Seneca
993 4146 1088 4210 laude
1104 4148 1271 4211 hominum
1289 4147 1401 4210 florue-
