<?xml version="1.0" encoding="UTF-8"?>
<!DOCTYPE html PUBLIC "-//W3C//DTD XHTML 1.0 Transitional//EN"
    "http://www.w3.org/TR/xhtml1/DTD/xhtml1-transitional.dtd">
<html xmlns="http://www.w3.org/1999/xhtml" xml:lang="en" lang="en">
 <head>
  <title>
</title>
<meta http-equiv="Content-Type" content="text/html;charset=utf-8" />
  <meta name='ocr-system' content='tesseract 3.04.00' />
  <meta name='ocr-capabilities' content='ocr_page ocr_carea ocr_par ocr_line ocrx_word'/>
</head>
<body>
  <div class='ocr_page' id='page_1' title='image "./stvdiadefontibv00chrigoog_0013.png"; bbox 0 0 3244 4868; ppageno 0'>
   <div class='ocr_carea' id='block_1_1' title="bbox 723 422 876 505">
    <p class='ocr_par' dir='ltr' id='par_1_1' title="bbox 723 422 876 505">
     <span class='ocr_line' id='line_1_1' title="bbox 723 422 876 505; baseline 0.007 -33"><span class='ocrx_word' id='word_1_1' title='bbox 723 422 876 505; x_wconf 33' lang='lat'><strong>53...</strong></span> 
     </span>
    </p>
   </div>
   <div class='ocr_carea' id='block_1_2' title="bbox 233 639 1406 2662">
    <p class='ocr_par' dir='ltr' id='par_1_2' title="bbox 233 639 1406 2662">
     <span class='ocr_line' id='line_1_2' title="bbox 266 639 1332 721; baseline 0 -19"><span class='ocrx_word' id='word_1_2' title='bbox 266 640 352 702; x_wconf 89' lang='lat' dir='ltr'><strong>tibus</strong></span> <span class='ocrx_word' id='word_1_3' title='bbox 386 641 451 702; x_wconf 90' lang='lat' dir='ltr'><strong>suis</strong></span> <span class='ocrx_word' id='word_1_4' title='bbox 486 639 585 702; x_wconf 90' lang='lat' dir='ltr'><strong>habet</strong></span> <span class='ocrx_word' id='word_1_5' title='bbox 616 639 761 714; x_wconf 78' lang='lat' dir='ltr'><strong>BabriuS,</strong></span> <span class='ocrx_word' id='word_1_6' title='bbox 787 651 819 702; x_wconf 91' lang='lat' dir='ltr'><strong>et</strong></span> <span class='ocrx_word' id='word_1_7' title='bbox 843 661 963 721; x_wconf 84' lang='lat' dir='ltr'><strong>genere</strong></span> <span class='ocrx_word' id='word_1_8' title='bbox 987 639 1167 702; x_wconf 85' lang='lat' dir='ltr'><strong>fabularum</strong></span> <span class='ocrx_word' id='word_1_9' title='bbox 1193 642 1332 716; x_wconf 83' lang='lat' dir='ltr'><strong>diuerso,</strong></span> 
     </span>
     <span class='ocr_line' id='line_1_3' title="bbox 266 747 1335 830; baseline 0 -21"><span class='ocrx_word' id='word_1_10' title='bbox 266 749 354 830; x_wconf 94' lang='lat' dir='ltr'><strong>quod</strong></span> <span class='ocrx_word' id='word_1_11' title='bbox 389 749 469 810; x_wconf 89' lang='lat' dir='ltr'><strong>satis</strong></span> <span class='ocrx_word' id='word_1_12' title='bbox 491 757 628 810; x_wconf 89' lang='lat' dir='ltr'><strong>testatur</strong></span> <span class='ocrx_word' id='word_1_13' title='bbox 651 749 734 809; x_wconf 92' lang='lat' dir='ltr'><strong>duos</strong></span> <span class='ocrx_word' id='word_1_14' title='bbox 758 758 844 810; x_wconf 88' lang='lat' dir='ltr'><strong>certe</strong></span> <span class='ocrx_word' id='word_1_15' title='bbox 868 747 975 809; x_wconf 82' lang='lat' dir='ltr'><strong>sontes</strong></span> <span class='ocrx_word' id='word_1_16' title='bbox 999 747 1081 810; x_wconf 91' lang='lat' dir='ltr'><strong>inter</strong></span> <span class='ocrx_word' id='word_1_17' title='bbox 1104 767 1139 809; x_wconf 89' lang='lat' dir='ltr'><strong>se</strong></span> <span class='ocrx_word' id='word_1_18' title='bbox 1164 747 1335 810; x_wconf 87' lang='lat' dir='ltr'><strong>dissimiles</strong></span> 
     </span>
     <span class='ocr_line' id='line_1_4' title="bbox 266 849 1335 936; baseline 0.001 -20"><span class='ocrx_word' id='word_1_19' title='bbox 266 854 431 917; x_wconf 89' lang='lat' dir='ltr'><strong>adhibitos</strong></span> <span class='ocrx_word' id='word_1_20' title='bbox 466 875 547 930; x_wconf 89' lang='lat' dir='ltr'><strong>esse,</strong></span> <span class='ocrx_word' id='word_1_21' title='bbox 585 853 801 935; x_wconf 87' lang='lat' dir='ltr'><strong>improbabile</strong></span> <span class='ocrx_word' id='word_1_22' title='bbox 826 855 871 917; x_wconf 88' lang='lat' dir='ltr'><strong>lit.</strong></span> <span class='ocrx_word' id='word_1_23' title='bbox 920 849 1018 935; x_wconf 84' lang='lat' dir='ltr'><strong>Quod</strong></span> <span class='ocrx_word' id='word_1_24' title='bbox 1044 855 1179 917; x_wconf 91' lang='lat' dir='ltr'><strong>Babrius</strong></span> <span class='ocrx_word' id='word_1_25' title='bbox 1203 876 1335 936; x_wconf 92' lang='lat' dir='ltr'><strong>quoque</strong></span> 
     </span>
     <span class='ocr_line' id='line_1_5' title="bbox 233 961 1333 1037; baseline 0 -13"><span class='ocrx_word' id='word_1_26' title='bbox 233 986 235 992; x_wconf 58' lang='lat'><em>&#39;</em></span> <span class='ocrx_word' id='word_1_27' title='bbox 266 963 348 1024; x_wconf 91' lang='lat' dir='ltr'><strong>sicut</strong></span> <span class='ocrx_word' id='word_1_28' title='bbox 384 963 587 1024; x_wconf 88' lang='lat' dir='ltr'><strong>Nicostratus</strong></span> <span class='ocrx_word' id='word_1_29' title='bbox 623 964 736 1024; x_wconf 89' lang='lat' dir='ltr'><strong>decem</strong></span> <span class='ocrx_word' id='word_1_30' title='bbox 773 962 860 1024; x_wconf 90' lang='lat' dir='ltr'><strong>libris</strong></span> <span class='ocrx_word' id='word_1_31' title='bbox 896 961 1021 1025; x_wconf 85' lang='lat' dir='ltr'><strong>fabulas</strong></span> <span class='ocrx_word' id='word_1_32' title='bbox 1044 983 1119 1024; x_wconf 90' lang='lat' dir='ltr'><strong>suas</strong></span> <span class='ocrx_word' id='word_1_33' title='bbox 1143 962 1333 1037; x_wconf 89' lang='lat' dir='ltr'><strong>inclusisset,</strong></span> 
     </span>
     <span class='ocr_line' id='line_1_6' title="bbox 268 1068 1333 1151; baseline 0.001 -20"><span class='ocrx_word' id='word_1_34' title='bbox 268 1070 353 1132; x_wconf 89' lang='lat' dir='ltr'><strong>unde</strong></span> <span class='ocrx_word' id='word_1_35' title='bbox 388 1068 699 1131; x_wconf 87' lang='lat' dir='ltr'><strong>uerisimilitudinem</strong></span> <span class='ocrx_word' id='word_1_36' title='bbox 728 1080 954 1151; x_wconf 82' lang='lat' dir='ltr'><strong>assequeretur</strong></span> <span class='ocrx_word' id='word_1_37' title='bbox 977 1069 1172 1145; x_wconf 86' lang='lat' dir='ltr'><strong>coniectura,</strong></span> <span class='ocrx_word' id='word_1_38' title='bbox 1198 1071 1266 1132; x_wconf 90' lang='lat' dir='ltr'><strong>eius</strong></span> <span class='ocrx_word' id='word_1_39' title='bbox 1291 1071 1333 1132; x_wconf 90' lang='lat' dir='ltr'><strong>rei</strong></span> 
     </span>
     <span class='ocr_line' id='line_1_7' title="bbox 267 1176 1335 1259; baseline 0.002 -21"><span class='ocrx_word' id='word_1_40' title='bbox 267 1187 462 1258; x_wconf 87' lang='lat' dir='ltr'><strong>argumenta</strong></span> <span class='ocrx_word' id='word_1_41' title='bbox 482 1176 664 1257; x_wconf 87' lang='lat' dir='ltr'><strong>probabilia</strong></span> <span class='ocrx_word' id='word_1_42' title='bbox 686 1177 791 1239; x_wconf 89' lang='lat' dir='ltr'><strong>afferri</strong></span> <span class='ocrx_word' id='word_1_43' title='bbox 809 1198 874 1239; x_wconf 93' lang='lat' dir='ltr'><strong>non</strong></span> <span class='ocrx_word' id='word_1_44' title='bbox 892 1188 1038 1258; x_wconf 88' lang='lat' dir='ltr'><strong>possunt,</strong></span> <span class='ocrx_word' id='word_1_45' title='bbox 1057 1198 1162 1259; x_wconf 90' lang='lat' dir='ltr'><strong>neque</strong></span> <span class='ocrx_word' id='word_1_46' title='bbox 1180 1179 1211 1239; x_wconf 96' lang='lat' dir='ltr'><strong>in</strong></span> <span class='ocrx_word' id='word_1_47' title='bbox 1228 1176 1335 1240; x_wconf 91' lang='lat' dir='ltr'><strong>libello</strong></span> 
     </span>
     <span class='ocr_line' id='line_1_8' title="bbox 268 1284 1336 1366; baseline 0 -20"><span class='ocrx_word' id='word_1_48' title='bbox 268 1284 438 1366; x_wconf 85' lang='lat' dir='ltr'><strong>uestigium</strong></span> <span class='ocrx_word' id='word_1_49' title='bbox 475 1295 524 1346; x_wconf 91' lang='lat' dir='ltr'><strong>est</strong></span> <span class='ocrx_word' id='word_1_50' title='bbox 561 1284 668 1358; x_wconf 89' lang='lat' dir='ltr'><strong>ullum,</strong></span> <span class='ocrx_word' id='word_1_51' title='bbox 706 1285 794 1365; x_wconf 90' lang='lat' dir='ltr'><strong>quod</strong></span> <span class='ocrx_word' id='word_1_52' title='bbox 830 1295 965 1347; x_wconf 86' lang='lat' dir='ltr'><strong>testetur</strong></span> <span class='ocrx_word' id='word_1_53' title='bbox 999 1305 1018 1346; x_wconf 90' lang='lat' dir='ltr'><strong>a</strong></span> <span class='ocrx_word' id='word_1_54' title='bbox 1054 1285 1213 1366; x_wconf 92' lang='lat' dir='ltr'><strong>principio</strong></span> <span class='ocrx_word' id='word_1_55' title='bbox 1245 1284 1336 1366; x_wconf 89' lang='lat' dir='ltr'><strong>plura</strong></span> 
     </span>
     <span class='ocr_line' id='line_1_9' title="bbox 269 1392 1337 1473; baseline 0.001 -20"><span class='ocrx_word' id='word_1_56' title='bbox 269 1412 365 1472; x_wconf 89' lang='lat' dir='ltr'><strong>quarn</strong></span> <span class='ocrx_word' id='word_1_57' title='bbox 415 1394 480 1454; x_wconf 92' lang='lat' dir='ltr'><strong>duo</strong></span> <span class='ocrx_word' id='word_1_58' title='bbox 526 1393 694 1473; x_wconf 90' lang='lat' dir='ltr'><strong>prooemia</strong></span> <span class='ocrx_word' id='word_1_59' title='bbox 730 1392 891 1454; x_wconf 87' lang='lat' dir='ltr'><strong>Babriana</strong></span> <span class='ocrx_word' id='word_1_60' title='bbox 926 1393 1098 1466; x_wconf 86' lang='lat' dir='ltr'><strong>exstitisse,</strong></span> <span class='ocrx_word' id='word_1_61' title='bbox 1136 1413 1199 1473; x_wconf 86' lang='lat' dir='ltr'><strong>qua</strong></span> <span class='ocrx_word' id='word_1_62' title='bbox 1228 1393 1268 1454; x_wconf 91' lang='lat' dir='ltr'><strong>de</strong></span> <span class='ocrx_word' id='word_1_63' title='bbox 1304 1412 1337 1454; x_wconf 90' lang='lat' dir='ltr'><strong>re</strong></span> 
     </span>
     <span class='ocr_line' id='line_1_10' title="bbox 267 1483 1336 1580; baseline 0 -20"><span class='ocrx_word' id='word_1_64' title='bbox 267 1510 377 1560; x_wconf 89' lang='lat' dir='ltr'><strong>tamen</strong></span> <span class='ocrx_word' id='word_1_65' title='bbox 412 1498 551 1580; x_wconf 89' lang='lat' dir='ltr'><strong>amplius</strong></span> <span class='ocrx_word' id='word_1_66' title='bbox 584 1499 664 1560; x_wconf 84' lang='lat' dir='ltr'><strong>inira</strong></span> <span class='ocrx_word' id='word_1_67' title='bbox 689 1500 913 1580; x_wconf 85' lang='lat' dir='ltr'><strong>disputabitur.</strong></span> <span class='ocrx_word' id='word_1_68' title='bbox 963 1483 1212 1561; x_wconf 83' lang='lat' dir='ltr'><strong>Ruthersordius</strong></span> <span class='ocrx_word' id='word_1_69' title='bbox 1236 1520 1336 1580; x_wconf 90' lang='lat' dir='ltr'><strong>quum</strong></span> 
     </span>
     <span class='ocr_line' id='line_1_11' title="bbox 269 1605 1336 1688; baseline 0.001 -21"><span class='ocrx_word' id='word_1_70' title='bbox 269 1627 343 1688; x_wconf 86' lang='lat' dir='ltr'><strong>pag.</strong></span> <span class='ocrx_word' id='word_1_71' title='bbox 380 1606 456 1667; x_wconf 88' lang='lat' dir='ltr'><strong>XLI</strong></span> <span class='ocrx_word' id='word_1_72' title='bbox 490 1627 560 1687; x_wconf 91' lang='lat' dir='ltr'><strong>sqq.</strong></span> <span class='ocrx_word' id='word_1_73' title='bbox 586 1617 689 1668; x_wconf 90' lang='lat' dir='ltr'><strong>totam</strong></span> <span class='ocrx_word' id='word_1_74' title='bbox 714 1609 827 1669; x_wconf 87' lang='lat' dir='ltr'><strong>seriem</strong></span> <span class='ocrx_word' id='word_1_75' title='bbox 853 1606 1033 1670; x_wconf 78' lang='lat' dir='ltr'><strong>fabularum</strong></span> <span class='ocrx_word' id='word_1_76' title='bbox 1058 1617 1114 1669; x_wconf 91' lang='lat' dir='ltr'><strong>aut</strong></span> <span class='ocrx_word' id='word_1_77' title='bbox 1137 1628 1156 1668; x_wconf 92' lang='lat' dir='ltr'><strong>a</strong></span> <span class='ocrx_word' id='word_1_78' title='bbox 1181 1605 1336 1688; x_wconf 86' lang='lat' dir='ltr'><strong>religione</strong></span> 
     </span>
     <span class='ocr_line' id='line_1_12' title="bbox 268 1714 1334 1796; baseline 0 -21"><span class='ocrx_word' id='word_1_79' title='bbox 268 1715 401 1794; x_wconf 87' lang='lat' dir='ltr'><strong>antiqua</strong></span> <span class='ocrx_word' id='word_1_80' title='bbox 435 1714 675 1776; x_wconf 88' lang='lat' dir='ltr'><strong>abhorrentium</strong></span> <span class='ocrx_word' id='word_1_81' title='bbox 712 1725 768 1776; x_wconf 83' lang='lat' dir='ltr'><strong>aut</strong></span> <span class='ocrx_word' id='word_1_82' title='bbox 802 1715 1024 1796; x_wconf 90' lang='lat' dir='ltr'><strong>eprouerbiis</strong></span> <span class='ocrx_word' id='word_1_83' title='bbox 1048 1725 1254 1776; x_wconf 85' lang='lat' dir='ltr'><strong>extensarum</strong></span> <span class='ocrx_word' id='word_1_84' title='bbox 1279 1724 1334 1776; x_wconf 87' lang='lat' dir='ltr'><strong>aut</strong></span> 
     </span>
     <span class='ocr_line' id='line_1_13' title="bbox 269 1820 1335 1884; baseline 0 -2"><span class='ocrx_word' id='word_1_85' title='bbox 269 1820 360 1882; x_wconf 88' lang='lat' dir='ltr'><strong>aliter</strong></span> <span class='ocrx_word' id='word_1_86' title='bbox 398 1823 439 1882; x_wconf 89' lang='lat' dir='ltr'><strong>de</strong></span> <span class='ocrx_word' id='word_1_87' title='bbox 474 1831 542 1882; x_wconf 91' lang='lat' dir='ltr'><strong>arte</strong></span> <span class='ocrx_word' id='word_1_88' title='bbox 578 1821 741 1884; x_wconf 91' lang='lat' dir='ltr'><strong>rhetorum</strong></span> <span class='ocrx_word' id='word_1_89' title='bbox 777 1823 962 1884; x_wconf 90' lang='lat' dir='ltr'><strong>testantium</strong></span> <span class='ocrx_word' id='word_1_90' title='bbox 999 1821 1136 1884; x_wconf 82' lang='lat' dir='ltr'><strong>afferens</strong></span> <span class='ocrx_word' id='word_1_91' title='bbox 1169 1820 1335 1884; x_wconf 74' lang='lat' dir='ltr'><strong>‘concludit</strong></span> 
     </span>
     <span class='ocr_line' id='line_1_14' title="bbox 269 1928 1335 2010; baseline 0.002 -22"><span class='ocrx_word' id='word_1_92' title='bbox 269 1928 422 1991; x_wconf 90' lang='lat' dir='ltr'><strong>Babrium</strong></span> <span class='ocrx_word' id='word_1_93' title='bbox 458 1939 563 1990; x_wconf 93' lang='lat' dir='ltr'><strong>totum</strong></span> <span class='ocrx_word' id='word_1_94' title='bbox 598 1930 798 2009; x_wconf 89' lang='lat' dir='ltr'><strong>asophistis</strong></span> <span class='ocrx_word' id='word_1_95' title='bbox 822 1929 974 2010; x_wconf 89' lang='lat' dir='ltr'><strong>pendere,</strong></span> <span class='ocrx_word' id='word_1_96' title='bbox 1000 1931 1069 1991; x_wconf 92' lang='lat' dir='ltr'><strong>sine</strong></span> <span class='ocrx_word' id='word_1_97' title='bbox 1094 1929 1194 1991; x_wconf 90' lang='lat' dir='ltr'><strong>dubio</strong></span> <span class='ocrx_word' id='word_1_98' title='bbox 1219 1928 1335 1991; x_wconf 90' lang='lat' dir='ltr'><strong>multas</strong></span> 
     </span>
     <span class='ocr_line' id='line_1_15' title="bbox 269 2036 1334 2118; baseline 0.003 -22"><span class='ocrx_word' id='word_1_99' title='bbox 269 2037 484 2117; x_wconf 87' lang='lat' dir='ltr'><strong>praetermisit</strong></span> <span class='ocrx_word' id='word_1_100' title='bbox 519 2036 653 2111; x_wconf 76' lang='lat' dir='ltr'><strong>fabulas</strong></span> <span class='ocrx_word' id='word_1_101' title='bbox 675 2058 775 2118; x_wconf 90' lang='lat' dir='ltr'><strong>quae</strong></span> <span class='ocrx_word' id='word_1_102' title='bbox 811 2038 943 2099; x_wconf 90' lang='lat' dir='ltr'><strong>rationis</strong></span> <span class='ocrx_word' id='word_1_103' title='bbox 968 2037 1140 2099; x_wconf 90' lang='lat' dir='ltr'><strong>scribendi</strong></span> <span class='ocrx_word' id='word_1_104' title='bbox 1172 2036 1334 2099; x_wconf 92' lang='lat' dir='ltr'><strong>rhetorum</strong></span> 
     </span>
     <span class='ocr_line' id='line_1_16' title="bbox 269 2143 1406 2226; baseline 0.002 -22"><span class='ocrx_word' id='word_1_105' title='bbox 269 2143 447 2204; x_wconf 88' lang='lat' dir='ltr'><strong>admodum</strong></span> <span class='ocrx_word' id='word_1_106' title='bbox 484 2155 635 2224; x_wconf 88' lang='lat' dir='ltr'><strong>expertes</strong></span> <span class='ocrx_word' id='word_1_107' title='bbox 670 2145 832 2224; x_wconf 89' lang='lat' dir='ltr'><strong>puriorem</strong></span> <span class='ocrx_word' id='word_1_108' title='bbox 870 2165 947 2226; x_wconf 89' lang='lat' dir='ltr'><strong>prae</strong></span> <span class='ocrx_word' id='word_1_109' title='bbox 977 2165 1012 2205; x_wconf 94' lang='lat' dir='ltr'><strong>se</strong></span> <span class='ocrx_word' id='word_1_110' title='bbox 1039 2143 1142 2206; x_wconf 90' lang='lat' dir='ltr'><strong>lerunt</strong></span> <span class='ocrx_word' id='word_1_111' title='bbox 1166 2145 1334 2224; x_wconf 87' lang='lat' dir='ltr'><strong>originem.</strong></span> <span class='ocrx_word' id='word_1_112' title='bbox 1405 2165 1406 2170; x_wconf 50' lang='lat'>¹</span> 
     </span>
     <span class='ocr_line' id='line_1_17' title="bbox 269 2250 1335 2332; baseline 0.004 -21"><span class='ocrx_word' id='word_1_113' title='bbox 269 2250 426 2332; x_wconf 87' lang='lat' dir='ltr'><strong>Magnum</strong></span> <span class='ocrx_word' id='word_1_114' title='bbox 466 2252 507 2312; x_wconf 88' lang='lat' dir='ltr'><strong>ad</strong></span> <span class='ocrx_word' id='word_1_115' title='bbox 547 2251 653 2313; x_wconf 85' lang='lat' dir='ltr'><strong>fontes</strong></span> <span class='ocrx_word' id='word_1_116' title='bbox 692 2251 799 2313; x_wconf 86' lang='lat' dir='ltr'><strong>Babrii</strong></span> <span class='ocrx_word' id='word_1_117' title='bbox 837 2252 1084 2332; x_wconf 88' lang='lat' dir='ltr'><strong>inuestigandos</strong></span> <span class='ocrx_word' id='word_1_118' title='bbox 1113 2252 1335 2315; x_wconf 89' lang='lat' dir='ltr'><strong>adiumentum</strong></span> 
     </span>
     <span class='ocr_line' id='line_1_18' title="bbox 270 2351 1336 2441; baseline 0.003 -22"><span class='ocrx_word' id='word_1_119' title='bbox 270 2358 364 2419; x_wconf 93' lang='lat' dir='ltr'><strong>nobis</strong></span> <span class='ocrx_word' id='word_1_120' title='bbox 408 2351 557 2439; x_wconf 88' lang='lat' dir='ltr'><strong>praebuit</strong></span> <span class='ocrx_word' id='word_1_121' title='bbox 602 2359 817 2421; x_wconf 90' lang='lat' dir='ltr'><strong>Hausrathius</strong></span> <span class='ocrx_word' id='word_1_122' title='bbox 856 2361 887 2421; x_wconf 91' lang='lat' dir='ltr'><strong>in</strong></span> <span class='ocrx_word' id='word_1_123' title='bbox 927 2361 1211 2434; x_wconf 87' lang='lat' dir='ltr'><strong>commentatione,</strong></span> <span class='ocrx_word' id='word_1_124' title='bbox 1252 2380 1336 2441; x_wconf 88' lang='lat' dir='ltr'><strong>quae</strong></span> 
     </span>
     <span class='ocr_line' id='line_1_19' title="bbox 269 2453 1337 2552; baseline 0.003 -26"><span class='ocrx_word' id='word_1_125' title='bbox 269 2465 450 2527; x_wconf 90' lang='lat' dir='ltr'><strong>inscribitur</strong></span> <span class='ocrx_word' id='word_1_126' title='bbox 486 2469 563 2528; x_wconf 73' lang='lat' dir='ltr'><strong>»das</strong></span> <span class='ocrx_word' id='word_1_127' title='bbox 598 2466 747 2528; x_wconf 90' lang='lat' dir='ltr'><strong>Problem</strong></span> <span class='ocrx_word' id='word_1_128' title='bbox 783 2467 841 2528; x_wconf 91' lang='lat' dir='ltr'><strong>der</strong></span> <span class='ocrx_word' id='word_1_129' title='bbox 865 2453 1072 2549; x_wconf 69' lang='lat' dir='ltr'><strong>llsopischen</strong></span> <span class='ocrx_word' id='word_1_130' title='bbox 1096 2466 1215 2528; x_wconf 82' lang='lat' dir='ltr'><strong>Fabel»</strong></span> <span class='ocrx_word' id='word_1_131' title='bbox 1243 2466 1337 2552; x_wconf 87' lang='lat' dir='ltr'><strong>(neue</strong></span> 
     </span>
     <span class='ocr_line' id='line_1_20' title="bbox 265 2571 1351 2662; baseline 0.002 -28"><span class='ocrx_word' id='word_1_132' title='bbox 265 2571 464 2652; x_wconf 81' lang='lat' dir='ltr'><strong>Jahrbdcher</strong></span> <span class='ocrx_word' id='word_1_133' title='bbox 499 2573 548 2635; x_wconf 82' lang='lat' dir='ltr'><strong>sur</strong></span> <span class='ocrx_word' id='word_1_134' title='bbox 582 2573 677 2637; x_wconf 85' lang='lat' dir='ltr'><strong>klass.</strong></span> <span class='ocrx_word' id='word_1_135' title='bbox 704 2573 867 2636; x_wconf 85' lang='lat' dir='ltr'><strong>Altertum</strong></span> <span class='ocrx_word' id='word_1_136' title='bbox 897 2577 1002 2655; x_wconf 88' lang='lat'><strong>1898),</strong></span> <span class='ocrx_word' id='word_1_137' title='bbox 1028 2575 1081 2635; x_wconf 92' lang='lat' dir='ltr'><strong>ubi</strong></span> <span class='ocrx_word' id='word_1_138' title='bbox 1106 2576 1147 2636; x_wconf 90' lang='lat' dir='ltr'><strong>de</strong></span> <span class='ocrx_word' id='word_1_139' title='bbox 1171 2576 1270 2636; x_wconf 86' lang='lat' dir='ltr'><strong>totins</strong></span> <span class='ocrx_word' id='word_1_140' title='bbox 1295 2574 1351 2662; x_wconf 57' lang='lat' dir='ltr'><strong>sy</strong></span> 
     </span>
    </p>
   </div>
   <div class='ocr_carea' id='block_1_3' title="bbox 163 2679 1336 2762">
    <p class='ocr_par' dir='ltr' id='par_1_3' title="bbox 163 2679 1336 2762">
     <span class='ocr_line' id='line_1_21' title="bbox 163 2679 1336 2762; baseline 0.003 -22"><span class='ocrx_word' id='word_1_141' title='bbox 163 2752 164 2756; x_wconf 6' lang='grc' dir='ltr'><strong>Ἰ</strong></span> <span class='ocrx_word' id='word_1_142' title='bbox 269 2679 363 2742; x_wconf 91' lang='lat' dir='ltr'><strong>bulae</strong></span> <span class='ocrx_word' id='word_1_143' title='bbox 399 2701 536 2762; x_wconf 85' lang='lat' dir='ltr'><strong>graecae</strong></span> <span class='ocrx_word' id='word_1_144' title='bbox 570 2681 704 2743; x_wconf 88' lang='lat' dir='ltr'><strong>historia</strong></span> <span class='ocrx_word' id='word_1_145' title='bbox 740 2682 909 2762; x_wconf 88' lang='lat' dir='ltr'><strong>disputans</strong></span> <span class='ocrx_word' id='word_1_146' title='bbox 946 2681 1191 2744; x_wconf 78' lang='lat' dir='ltr'><strong>fundamentum</strong></span> <span class='ocrx_word' id='word_1_147' title='bbox 1222 2682 1336 2744; x_wconf 90' lang='lat' dir='ltr'><strong>horum</strong></span> 
     </span>
    </p>
   </div>
   <div class='ocr_carea' id='block_1_4' title="bbox 269 2787 1339 3730">
    <p class='ocr_par' dir='ltr' id='par_1_4' title="bbox 269 2787 1339 3730">
     <span class='ocr_line' id='line_1_22' title="bbox 269 2787 1338 2870; baseline 0.002 -22"><span class='ocrx_word' id='word_1_148' title='bbox 269 2788 450 2850; x_wconf 87' lang='lat' dir='ltr'><strong>studiorum</strong></span> <span class='ocrx_word' id='word_1_149' title='bbox 477 2789 555 2851; x_wconf 86' lang='lat' dir='ltr'><strong>satis</strong></span> <span class='ocrx_word' id='word_1_150' title='bbox 578 2787 716 2850; x_wconf 91' lang='lat' dir='ltr'><strong>solidum</strong></span> <span class='ocrx_word' id='word_1_151' title='bbox 743 2789 860 2869; x_wconf 91' lang='lat' dir='ltr'><strong>posuit.</strong></span> <span class='ocrx_word' id='word_1_152' title='bbox 910 2787 1018 2851; x_wconf 89' lang='lat' dir='ltr'><strong>Facile</strong></span> <span class='ocrx_word' id='word_1_153' title='bbox 1042 2790 1127 2851; x_wconf 90' lang='lat' dir='ltr'><strong>enim</strong></span> <span class='ocrx_word' id='word_1_154' title='bbox 1153 2787 1338 2870; x_wconf 88' lang='lat' dir='ltr'><strong>intelligitur</strong></span> 
     </span>
     <span class='ocr_line' id='line_1_23' title="bbox 269 2895 1337 2977; baseline 0.002 -21"><span class='ocrx_word' id='word_1_155' title='bbox 269 2897 376 2971; x_wconf 87' lang='lat' dir='ltr'><strong>etiam,</strong></span> <span class='ocrx_word' id='word_1_156' title='bbox 401 2915 484 2977; x_wconf 91' lang='lat' dir='ltr'><strong>quos</strong></span> <span class='ocrx_word' id='word_1_157' title='bbox 501 2895 606 2957; x_wconf 85' lang='lat' dir='ltr'><strong>fontes</strong></span> <span class='ocrx_word' id='word_1_158' title='bbox 622 2906 655 2957; x_wconf 90' lang='lat' dir='ltr'><strong>et</strong></span> <span class='ocrx_word' id='word_1_159' title='bbox 672 2906 821 2958; x_wconf 88' lang='lat' dir='ltr'><strong>auctores</strong></span> <span class='ocrx_word' id='word_1_160' title='bbox 838 2896 974 2958; x_wconf 86' lang='lat' dir='ltr'><strong>Babrius</strong></span> <span class='ocrx_word' id='word_1_161' title='bbox 990 2907 1120 2959; x_wconf 89' lang='lat' dir='ltr'><strong>secutus</strong></span> <span class='ocrx_word' id='word_1_162' title='bbox 1136 2898 1186 2971; x_wconf 90' lang='lat' dir='ltr'><strong>sit,</strong></span> <span class='ocrx_word' id='word_1_163' title='bbox 1204 2895 1337 2958; x_wconf 90' lang='lat' dir='ltr'><strong>clariore</strong></span> 
     </span>
     <span class='ocr_line' id='line_1_24' title="bbox 269 2992 1337 3086; baseline 0.004 -24"><span class='ocrx_word' id='word_1_164' title='bbox 269 3001 389 3065; x_wconf 90' lang='lat' dir='ltr'><strong>lumine</strong></span> <span class='ocrx_word' id='word_1_165' title='bbox 412 3002 602 3066; x_wconf 88' lang='lat' dir='ltr'><strong>illustratum</strong></span> <span class='ocrx_word' id='word_1_166' title='bbox 627 3005 672 3078; x_wconf 92' lang='lat' dir='ltr'><strong>iri,</strong></span> <span class='ocrx_word' id='word_1_167' title='bbox 698 3005 723 3065; x_wconf 93' lang='lat' dir='ltr'><strong>si</strong></span> <span class='ocrx_word' id='word_1_168' title='bbox 749 2992 882 3084; x_wconf 85' lang='lat' dir='ltr'><strong>quando</strong></span> <span class='ocrx_word' id='word_1_169' title='bbox 907 3003 1012 3084; x_wconf 89' lang='lat' dir='ltr'><strong>palam</strong></span> <span class='ocrx_word' id='word_1_170' title='bbox 1038 3004 1102 3080; x_wconf 86' lang='lat' dir='ltr'><strong>fiet,</strong></span> <span class='ocrx_word' id='word_1_171' title='bbox 1124 3024 1207 3086; x_wconf 87' lang='lat' dir='ltr'><strong>quae</strong></span> <span class='ocrx_word' id='word_1_172' title='bbox 1224 3002 1337 3066; x_wconf 90' lang='lat' dir='ltr'><strong>collec-</strong></span> 
     </span>
     <span class='ocr_line' id='line_1_25' title="bbox 270 3099 1337 3192; baseline 0.002 -20"><span class='ocrx_word' id='word_1_173' title='bbox 270 3111 375 3173; x_wconf 89' lang='lat' dir='ltr'><strong>tiones</strong></span> <span class='ocrx_word' id='word_1_174' title='bbox 412 3110 591 3172; x_wconf 85' lang='lat' dir='ltr'><strong>iabularum</strong></span> <span class='ocrx_word' id='word_1_175' title='bbox 627 3112 657 3172; x_wconf 88' lang='lat' dir='ltr'><strong>in</strong></span> <span class='ocrx_word' id='word_1_176' title='bbox 692 3113 884 3192; x_wconf 89' lang='lat' dir='ltr'><strong>antiquitate</strong></span> <span class='ocrx_word' id='word_1_177' title='bbox 908 3101 1152 3174; x_wconf 60' lang='lat' dir='ltr'><strong>increbruerinti</strong></span> <span class='ocrx_word' id='word_1_178' title='bbox 1198 3099 1273 3192; x_wconf 83' lang='lat' dir='ltr'><strong>Qua</strong></span> <span class='ocrx_word' id='word_1_179' title='bbox 1297 3114 1337 3174; x_wconf 90' lang='lat' dir='ltr'><strong>de</strong></span> 
     </span>
     <span class='ocr_line' id='line_1_26' title="bbox 271 3217 1338 3293; baseline 0.001 -14"><span class='ocrx_word' id='word_1_180' title='bbox 271 3237 303 3279; x_wconf 88' lang='lat' dir='ltr'><strong>re</strong></span> <span class='ocrx_word' id='word_1_181' title='bbox 339 3218 554 3280; x_wconf 89' lang='lat' dir='ltr'><strong>Hausrathius</strong></span> <span class='ocrx_word' id='word_1_182' title='bbox 589 3219 620 3280; x_wconf 92' lang='lat' dir='ltr'><strong>in</strong></span> <span class='ocrx_word' id='word_1_183' title='bbox 656 3220 932 3281; x_wconf 90' lang='lat' dir='ltr'><strong>commentatione</strong></span> <span class='ocrx_word' id='word_1_184' title='bbox 967 3239 991 3280; x_wconf 91' lang='lat' dir='ltr'><strong>s.</strong></span> <span class='ocrx_word' id='word_1_185' title='bbox 1029 3217 1047 3280; x_wconf 90' lang='lat' dir='ltr'><strong>l.</strong></span> <span class='ocrx_word' id='word_1_186' title='bbox 1085 3220 1129 3280; x_wconf 88' lang='lat' dir='ltr'><strong>ita</strong></span> <span class='ocrx_word' id='word_1_187' title='bbox 1157 3229 1278 3293; x_wconf 88' lang='lat' dir='ltr'><strong>censet,</strong></span> <span class='ocrx_word' id='word_1_188' title='bbox 1304 3229 1338 3280; x_wconf 92' lang='lat' dir='ltr'><strong>ut</strong></span> 
     </span>
     <span class='ocr_line' id='line_1_27' title="bbox 272 3324 1338 3408; baseline 0.001 -22"><span class='ocrx_word' id='word_1_189' title='bbox 272 3326 336 3387; x_wconf 90' lang='lat' dir='ltr'><strong>duo</strong></span> <span class='ocrx_word' id='word_1_190' title='bbox 377 3327 581 3406; x_wconf 90' lang='lat' dir='ltr'><strong>potissimum</strong></span> <span class='ocrx_word' id='word_1_191' title='bbox 620 3347 741 3408; x_wconf 88' lang='lat' dir='ltr'><strong>genera</strong></span> <span class='ocrx_word' id='word_1_192' title='bbox 773 3325 998 3388; x_wconf 89' lang='lat' dir='ltr'><strong>collectionum</strong></span> <span class='ocrx_word' id='word_1_193' title='bbox 1032 3324 1210 3388; x_wconf 84' lang='lat' dir='ltr'><strong>fabularum</strong></span> <span class='ocrx_word' id='word_1_194' title='bbox 1242 3327 1338 3388; x_wconf 89' lang='lat' dir='ltr'><strong>exsti-</strong></span> 
     </span>
     <span class='ocr_line' id='line_1_28' title="bbox 270 3432 1336 3516; baseline -0.001 -21"><span class='ocrx_word' id='word_1_195' title='bbox 270 3434 375 3507; x_wconf 92' lang='lat' dir='ltr'><strong>terint,</strong></span> <span class='ocrx_word' id='word_1_196' title='bbox 421 3433 556 3496; x_wconf 88' lang='lat' dir='ltr'><strong>alterum</strong></span> <span class='ocrx_word' id='word_1_197' title='bbox 600 3433 758 3516; x_wconf 88' lang='lat' dir='ltr'><strong>populare</strong></span> <span class='ocrx_word' id='word_1_198' title='bbox 797 3435 930 3495; x_wconf 90' lang='lat' dir='ltr'><strong>nomine</strong></span> <span class='ocrx_word' id='word_1_199' title='bbox 969 3432 1127 3514; x_wconf 85' lang='lat' dir='ltr'><strong>Aesopeo</strong></span> <span class='ocrx_word' id='word_1_200' title='bbox 1167 3433 1336 3514; x_wconf 87' lang='lat' dir='ltr'><strong>prolatum,</strong></span> 
     </span>
     <span class='ocr_line' id='line_1_29' title="bbox 270 3540 1338 3623; baseline -0.001 -21"><span class='ocrx_word' id='word_1_201' title='bbox 270 3540 404 3603; x_wconf 88' lang='lat' dir='ltr'><strong>alterum</strong></span> <span class='ocrx_word' id='word_1_202' title='bbox 430 3541 614 3604; x_wconf 88' lang='lat' dir='ltr'><strong>scholarum</strong></span> <span class='ocrx_word' id='word_1_203' title='bbox 639 3543 709 3604; x_wconf 89' lang='lat' dir='ltr'><strong>usui</strong></span> <span class='ocrx_word' id='word_1_204' title='bbox 727 3542 1022 3603; x_wconf 91' lang='lat' dir='ltr'><strong>accommodatum.</strong></span> <span class='ocrx_word' id='word_1_205' title='bbox 1048 3541 1177 3623; x_wconf 83' lang='lat' dir='ltr'><strong>Quibus</strong></span> <span class='ocrx_word' id='word_1_206' title='bbox 1193 3541 1224 3602; x_wconf 91' lang='lat' dir='ltr'><strong>in</strong></span> <span class='ocrx_word' id='word_1_207' title='bbox 1242 3541 1338 3603; x_wconf 88' lang='lat' dir='ltr'><strong>rebus</strong></span> 
     </span>
     <span class='ocr_line' id='line_1_30' title="bbox 272 3647 1339 3730; baseline 0.001 -22"><span class='ocrx_word' id='word_1_208' title='bbox 272 3648 331 3710; x_wconf 90' lang='lat' dir='ltr'><strong>hae</strong></span> <span class='ocrx_word' id='word_1_209' title='bbox 367 3647 575 3710; x_wconf 88' lang='lat' dir='ltr'><strong>collectiones</strong></span> <span class='ocrx_word' id='word_1_210' title='bbox 609 3651 690 3711; x_wconf 90' lang='lat' dir='ltr'><strong>inter</strong></span> <span class='ocrx_word' id='word_1_211' title='bbox 713 3669 748 3710; x_wconf 90' lang='lat' dir='ltr'><strong>sc</strong></span> <span class='ocrx_word' id='word_1_212' title='bbox 773 3649 994 3724; x_wconf 83' lang='lat' dir='ltr'><strong>dissenserint,</strong></span> <span class='ocrx_word' id='word_1_213' title='bbox 1021 3648 1197 3730; x_wconf 88' lang='lat' dir='ltr'><strong>qualesque</strong></span> <span class='ocrx_word' id='word_1_214' title='bbox 1222 3648 1339 3709; x_wconf 88' lang='lat' dir='ltr'><strong>luerint</strong></span> 
     </span>
    </p>
   </div>
   <div class='ocr_carea' id='block_1_5' title="bbox 270 3755 1551 3839">
    <p class='ocr_par' dir='ltr' id='par_1_5' title="bbox 270 3755 1551 3839">
     <span class='ocr_line' id='line_1_31' title="bbox 270 3755 1551 3839; baseline -0.001 -22"><span class='ocrx_word' id='word_1_215' title='bbox 270 3757 436 3836; x_wconf 89' lang='lat' dir='ltr'><strong>utriusque</strong></span> <span class='ocrx_word' id='word_1_216' title='bbox 471 3757 598 3838; x_wconf 90' lang='lat' dir='ltr'><strong>generis</strong></span> <span class='ocrx_word' id='word_1_217' title='bbox 634 3755 771 3830; x_wconf 87' lang='lat' dir='ltr'><strong>fabulae,</strong></span> <span class='ocrx_word' id='word_1_218' title='bbox 808 3755 901 3818; x_wconf 90' lang='lat' dir='ltr'><strong>simul</strong></span> <span class='ocrx_word' id='word_1_219' title='bbox 930 3757 1026 3818; x_wconf 91' lang='lat' dir='ltr'><strong>nobis</strong></span> <span class='ocrx_word' id='word_1_220' title='bbox 1050 3759 1196 3837; x_wconf 90' lang='lat' dir='ltr'><strong>exponit.</strong></span> <span class='ocrx_word' id='word_1_221' title='bbox 1245 3755 1365 3837; x_wconf 85' lang='lat' dir='ltr'><strong>Quae·</strong></span> <span class='ocrx_word' id='word_1_222' title='bbox 1433 3789 1435 3792; x_wconf 95' lang='lat'>·</span> <span class='ocrx_word' id='word_1_223' title='bbox 1540 3819 1551 3839; x_wconf 80' lang='lat'><strong>.</strong></span> 
     </span>
    </p>
   </div>
   <div class='ocr_carea' id='block_1_6' title="bbox 270 3863 1340 4278">
    <p class='ocr_par' dir='ltr' id='par_1_6' title="bbox 270 3863 1340 4278">
     <span class='ocr_line' id='line_1_32' title="bbox 271 3863 1339 3945; baseline -0.001 -20"><span class='ocrx_word' id='word_1_224' title='bbox 271 3864 518 3925; x_wconf 88' lang='lat' dir='ltr'><strong>obseruationes</strong></span> <span class='ocrx_word' id='word_1_225' title='bbox 553 3863 828 3945; x_wconf 90' lang='lat' dir='ltr'><strong>quemadmodum</strong></span> <span class='ocrx_word' id='word_1_226' title='bbox 866 3865 963 3925; x_wconf 89' lang='lat' dir='ltr'><strong>etiam</strong></span> <span class='ocrx_word' id='word_1_227' title='bbox 1000 3865 1040 3925; x_wconf 93' lang='lat' dir='ltr'><strong>de</strong></span> <span class='ocrx_word' id='word_1_228' title='bbox 1074 3863 1218 3925; x_wconf 87' lang='lat' dir='ltr'><strong>fontibus</strong></span> <span class='ocrx_word' id='word_1_229' title='bbox 1241 3874 1339 3944; x_wconf 89' lang='lat' dir='ltr'><strong>atque</strong></span> 
     </span>
     <span class='ocr_line' id='line_1_33' title="bbox 270 3969 1337 4052; baseline -0.001 -20"><span class='ocrx_word' id='word_1_230' title='bbox 270 3972 457 4032; x_wconf 88' lang='lat' dir='ltr'><strong>auctoribus</strong></span> <span class='ocrx_word' id='word_1_231' title='bbox 492 3971 600 4033; x_wconf 90' lang='lat' dir='ltr'><strong>Babrii</strong></span> <span class='ocrx_word' id='word_1_232' title='bbox 636 3969 775 4046; x_wconf 88' lang='lat' dir='ltr'><strong>ualeant,</strong></span> <span class='ocrx_word' id='word_1_233' title='bbox 812 3973 1042 4052; x_wconf 89' lang='lat' dir='ltr'><strong>disputatione,</strong></span> <span class='ocrx_word' id='word_1_234' title='bbox 1077 3992 1161 4052; x_wconf 91' lang='lat' dir='ltr'><strong>quae</strong></span> <span class='ocrx_word' id='word_1_235' title='bbox 1185 3971 1337 4051; x_wconf 92' lang='lat' dir='ltr'><strong>sequitur,</strong></span> 
     </span>
     <span class='ocr_line' id='line_1_34' title="bbox 271 4077 1340 4159; baseline -0.002 -19"><span class='ocrx_word' id='word_1_236' title='bbox 271 4079 555 4140; x_wconf 87' lang='lat' dir='ltr'><strong>demonstrabitur.</strong></span> <span class='ocrx_word' id='word_1_237' title='bbox 605 4079 719 4153; x_wconf 87' lang='lat' dir='ltr'><strong>Ceteri,</strong></span> <span class='ocrx_word' id='word_1_238' title='bbox 756 4079 810 4159; x_wconf 93' lang='lat' dir='ltr'><strong>qui</strong></span> <span class='ocrx_word' id='word_1_239' title='bbox 846 4079 887 4140; x_wconf 87' lang='lat' dir='ltr'><strong>ad</strong></span> <span class='ocrx_word' id='word_1_240' title='bbox 918 4077 1118 4158; x_wconf 90' lang='lat' dir='ltr'><strong>exemplaria</strong></span> <span class='ocrx_word' id='word_1_241' title='bbox 1143 4077 1251 4138; x_wconf 89' lang='lat' dir='ltr'><strong>Babrii</strong></span> <span class='ocrx_word' id='word_1_242' title='bbox 1275 4077 1340 4138; x_wconf 90' lang='lat' dir='ltr'><strong>illu-</strong></span> 
     </span>
     <span class='ocr_line' id='line_1_35' title="bbox 270 4183 1339 4278; baseline -0.002 -31"><span class='ocrx_word' id='word_1_243' title='bbox 270 4186 404 4248; x_wconf 89' lang='lat' dir='ltr'><strong>stranda</strong></span> <span class='ocrx_word' id='word_1_244' title='bbox 439 4185 558 4266; x_wconf 90' lang='lat' dir='ltr'><strong>aliquid</strong></span> <span class='ocrx_word' id='word_1_245' title='bbox 594 4185 777 4260; x_wconf 86' lang='lat' dir='ltr'><strong>attulerunt,</strong></span> <span class='ocrx_word' id='word_1_246' title='bbox 808 4206 922 4246; x_wconf 89' lang='lat' dir='ltr'><strong>omnes</strong></span> <span class='ocrx_word' id='word_1_247' title='bbox 947 4194 1000 4246; x_wconf 84' lang='lat' dir='ltr'><strong>aut</strong></span> <span class='ocrx_word' id='word_1_248' title='bbox 1025 4186 1115 4265; x_wconf 88' lang='lat' dir='ltr'><strong>quasi</strong></span> <span class='ocrx_word' id='word_1_249' title='bbox 1141 4185 1246 4245; x_wconf 89' lang='lat' dir='ltr'><strong>obiter</strong></span> <span class='ocrx_word' id='word_1_250' title='bbox 1262 4183 1339 4278; x_wconf 83' lang='lat' dir='ltr'><strong>illud</strong></span> 
     </span>
    </p>
   </div>
   <div class='ocr_carea' id='block_1_7' title="bbox 0 0 1632 4868">
    <p class='ocr_par' dir='ltr' id='par_1_7' title="bbox 0 0 1632 4868">
     <span class='ocr_line' id='line_1_36' title="bbox 0 0 1632 4868; baseline 0 0"><span class='ocrx_word' id='word_1_251' title='bbox 0 0 1632 4868; x_wconf 95' lang='lat' dir='ltr'><strong> </strong></span> 
     </span>
    </p>
   </div>
  </div>
 </body>
</html>
