<?xml version="1.0" encoding="UTF-8"?>
<!DOCTYPE html PUBLIC "-//W3C//DTD XHTML 1.0 Transitional//EN"
    "http://www.w3.org/TR/xhtml1/DTD/xhtml1-transitional.dtd">
<html xmlns="http://www.w3.org/1999/xhtml" xml:lang="en" lang="en">
 <head>
  <title>
</title>
<meta http-equiv="Content-Type" content="text/html;charset=utf-8" />
  <meta name='ocr-system' content='tesseract 3.04.00' />
  <meta name='ocr-capabilities' content='ocr_page ocr_carea ocr_par ocr_line ocrx_word'/>
</head>
<body>
  <div class='ocr_page' id='page_1' title='image "./stvdiadefontibv00chrigoog_0087.png"; bbox 0 0 3244 4868; ppageno 0'>
   <div class='ocr_carea' id='block_1_1' title="bbox 671 405 847 474">
    <p class='ocr_par' dir='ltr' id='par_1_1' title="bbox 671 405 847 474">
     <span class='ocr_line' id='line_1_1' title="bbox 671 405 847 474; baseline -0.017 -32"><span class='ocrx_word' id='word_1_1' title='bbox 671 405 847 474; x_wconf 36' lang='lat'><strong>47„</strong></span> 
     </span>
    </p>
   </div>
   <div class='ocr_carea' id='block_1_2' title="bbox 192 607 1399 4250">
    <p class='ocr_par' dir='ltr' id='par_1_2' title="bbox 192 607 1399 3702">
     <span class='ocr_line' id='line_1_2' title="bbox 223 607 1288 690; baseline 0.001 -20"><span class='ocrx_word' id='word_1_2' title='bbox 223 609 456 690; x_wconf 85' lang='lat' dir='ltr'>interposuisse</span> <span class='ocrx_word' id='word_1_3' title='bbox 495 609 573 672; x_wconf 91' lang='lat' dir='ltr'><strong>mihi</strong></span> <span class='ocrx_word' id='word_1_4' title='bbox 613 609 747 673; x_wconf 91' lang='lat' dir='ltr'><strong>uidetur.</strong></span> <span class='ocrx_word' id='word_1_5' title='bbox 810 610 939 672; x_wconf 88' lang='lat' dir='ltr'><strong>Deinde</strong></span> <span class='ocrx_word' id='word_1_6' title='bbox 980 607 1107 671; x_wconf 82' lang='lat' dir='ltr'><strong>fabulae</strong></span> <span class='ocrx_word' id='word_1_7' title='bbox 1148 624 1288 687; x_wconf 87' lang='lat'><strong>21-24,</strong></span> 
     </span>
     <span class='ocr_line' id='line_1_3' title="bbox 223 715 1289 798; baseline 0 -20"><span class='ocrx_word' id='word_1_8' title='bbox 223 737 357 798; x_wconf 89' lang='lat' dir='ltr'><strong>quarum</strong></span> <span class='ocrx_word' id='word_1_9' title='bbox 385 733 425 780; x_wconf 87' lang='lat'><strong>22</strong></span> <span class='ocrx_word' id='word_1_10' title='bbox 451 728 483 779; x_wconf 91' lang='lat' dir='ltr'><strong>et</strong></span> <span class='ocrx_word' id='word_1_11' title='bbox 508 734 549 795; x_wconf 91' lang='lat'><strong>24</strong></span> <span class='ocrx_word' id='word_1_12' title='bbox 574 719 670 780; x_wconf 90' lang='lat' dir='ltr'><strong>etiam</strong></span> <span class='ocrx_word' id='word_1_13' title='bbox 695 717 795 780; x_wconf 86' lang='lat' dir='ltr'><strong>habet</strong></span> <span class='ocrx_word' id='word_1_14' title='bbox 818 716 967 791; x_wconf 74' lang='lat' dir='ltr'><strong>Babrius,</strong></span> <span class='ocrx_word' id='word_1_15' title='bbox 991 716 1032 778; x_wconf 89' lang='lat' dir='ltr'><strong>ad</strong></span> <span class='ocrx_word' id='word_1_16' title='bbox 1056 715 1289 778; x_wconf 72' lang='lat' dir='ltr'><strong>lectores&#39;con-</strong></span> 
     </span>
     <span class='ocr_line' id='line_1_4' title="bbox 221 823 1291 906; baseline 0 -20"><span class='ocrx_word' id='word_1_17' title='bbox 221 824 293 887; x_wconf 89' lang='lat' dir='ltr'><strong>silio</strong></span> <span class='ocrx_word' id='word_1_18' title='bbox 328 825 512 887; x_wconf 89' lang='lat' dir='ltr'><strong>monendos</strong></span> <span class='ocrx_word' id='word_1_19' title='bbox 547 826 718 906; x_wconf 83' lang='lat' dir='ltr'><strong>pertinent,</strong></span> <span class='ocrx_word' id='word_1_20' title='bbox 745 823 872 888; x_wconf 87' lang='lat' dir='ltr'><strong>fabulae</strong></span> <span class='ocrx_word' id='word_1_21' title='bbox 905 824 1035 903; x_wconf 88' lang='lat'><strong>25—26</strong></span> <span class='ocrx_word' id='word_1_22' title='bbox 1059 843 1167 886; x_wconf 91' lang='lat' dir='ltr'><strong>rursus</strong></span> <span class='ocrx_word' id='word_1_23' title='bbox 1191 824 1291 888; x_wconf 76' lang='lat' dir='ltr'><strong>risu&#39;m¹</strong></span> 
     </span>
     <span class='ocr_line' id='line_1_5' title="bbox 225 930 1289 1013; baseline 0 -19"><span class='ocrx_word' id='word_1_24' title='bbox 225 941 367 994; x_wconf 92' lang='lat' dir='ltr'><strong>mouent.</strong></span> <span class='ocrx_word' id='word_1_25' title='bbox 415 932 602 1013; x_wconf 87' lang='lat' dir='ltr'><strong>Vtcumque</strong></span> <span class='ocrx_word' id='word_1_26' title='bbox 635 942 744 995; x_wconf 91' lang='lat' dir='ltr'><strong>tamen</strong></span> <span class='ocrx_word' id='word_1_27' title='bbox 779 932 861 996; x_wconf 89' lang='lat' dir='ltr'><strong>haec</strong></span> <span class='ocrx_word' id='word_1_28' title='bbox 896 952 947 994; x_wconf 92' lang='lat' dir='ltr'><strong>res</strong></span> <span class='ocrx_word' id='word_1_29' title='bbox 981 930 1149 1006; x_wconf 87' lang='lat' dir='ltr'><strong>sehabet,</strong></span> <span class='ocrx_word' id='word_1_30' title='bbox 1175 951 1217 994; x_wconf 89' lang='lat' dir='ltr'><strong>ex</strong></span> <span class='ocrx_word' id='word_1_31' title='bbox 1241 932 1289 1007; x_wconf 90' lang='lat' dir='ltr'><strong>iis,</strong></span> 
     </span>
     <span class='ocr_line' id='line_1_6' title="bbox 223 1038 1289 1120; baseline 0 -20"><span class='ocrx_word' id='word_1_32' title='bbox 223 1059 306 1120; x_wconf 85' lang='lat' dir='ltr'><strong>quae</strong></span> <span class='ocrx_word' id='word_1_33' title='bbox 341 1040 406 1102; x_wconf 91' lang='lat' dir='ltr'><strong>iam</strong></span> <span class='ocrx_word' id='word_1_34' title='bbox 441 1040 607 1120; x_wconf 88' lang='lat' dir='ltr'><strong>disputata</strong></span> <span class='ocrx_word' id='word_1_35' title='bbox 635 1049 720 1116; x_wconf 89' lang='lat' dir='ltr'><strong>sunt,</strong></span> <span class='ocrx_word' id='word_1_36' title='bbox 746 1043 843 1102; x_wconf 91' lang='lat' dir='ltr'><strong>credo</strong></span> <span class='ocrx_word' id='word_1_37' title='bbox 867 1059 1027 1120; x_wconf 89' lang='lat' dir='ltr'><strong>apparere</strong></span> <span class='ocrx_word' id='word_1_38' title='bbox 1051 1038 1233 1101; x_wconf 90' lang='lat' dir='ltr'><strong>Phaedrum</strong></span> <span class='ocrx_word' id='word_1_39' title='bbox 1257 1039 1289 1100; x_wconf 92' lang='lat' dir='ltr'><strong>in</strong></span> 
     </span>
     <span class='ocr_line' id='line_1_7' title="bbox 223 1145 1286 1228; baseline 0.001 -20"><span class='ocrx_word' id='word_1_40' title='bbox 223 1145 304 1210; x_wconf 90' lang='lat' dir='ltr'><strong>libro</strong></span> <span class='ocrx_word' id='word_1_41' title='bbox 339 1167 399 1210; x_wconf 91' lang='lat' dir='ltr'><strong>suo</strong></span> <span class='ocrx_word' id='word_1_42' title='bbox 423 1149 529 1228; x_wconf 91' lang='lat' dir='ltr'><strong>primo</strong></span> <span class='ocrx_word' id='word_1_43' title='bbox 554 1157 746 1228; x_wconf 88' lang='lat' dir='ltr'><strong>argumenta</strong></span> <span class='ocrx_word' id='word_1_44' title='bbox 769 1147 908 1228; x_wconf 90' lang='lat' dir='ltr'><strong>Aesopo</strong></span> <span class='ocrx_word' id='word_1_45' title='bbox 933 1147 1131 1227; x_wconf 80' lang='lat' dir='ltr'><strong>ascripsisse,</strong></span> <span class='ocrx_word' id='word_1_46' title='bbox 1157 1146 1200 1208; x_wconf 88' lang='lat' dir='ltr'><strong>de</strong></span> <span class='ocrx_word' id='word_1_47' title='bbox 1223 1147 1286 1228; x_wconf 88' lang='lat' dir='ltr'><strong>qui·</strong></span> 
     </span>
     <span class='ocr_line' id='line_1_8' title="bbox 192 1253 1290 1347; baseline -0.001 -30"><span class='ocrx_word' id='word_1_48' title='bbox 192 1339 195 1347; x_wconf 73' lang='lat'><strong>.</strong></span> <span class='ocrx_word' id='word_1_49' title='bbox 222 1254 284 1317; x_wconf 93' lang='lat' dir='ltr'><strong>bus</strong></span> <span class='ocrx_word' id='word_1_50' title='bbox 319 1254 371 1318; x_wconf 89' lang='lat' dir='ltr'><strong>alii</strong></span> <span class='ocrx_word' id='word_1_51' title='bbox 406 1264 555 1318; x_wconf 88' lang='lat' dir='ltr'><strong>auctores</strong></span> <span class='ocrx_word' id='word_1_52' title='bbox 590 1253 683 1316; x_wconf 89' lang='lat' dir='ltr'><strong>aliter</strong></span> <span class='ocrx_word' id='word_1_53' title='bbox 717 1265 920 1318; x_wconf 85' lang='lat' dir='ltr'><strong>censuerunt.</strong></span> <span class='ocrx_word' id='word_1_54' title='bbox 969 1255 1077 1316; x_wconf 88' lang='lat' dir='ltr'><strong>Etiam</strong></span> <span class='ocrx_word' id='word_1_55' title='bbox 1112 1255 1152 1340; x_wconf 89' lang='lat' dir='ltr'><strong>in</strong></span> <span class='ocrx_word' id='word_1_56' title='bbox 1174 1255 1290 1316; x_wconf 89' lang='lat' dir='ltr'><strong>ceteris</strong></span> 
     </span>
     <span class='ocr_line' id='line_1_9' title="bbox 225 1359 1289 1443; baseline 0 -19"><span class='ocrx_word' id='word_1_57' title='bbox 225 1359 363 1425; x_wconf 88' lang='lat' dir='ltr'><strong>Phaedri</strong></span> <span class='ocrx_word' id='word_1_58' title='bbox 393 1362 481 1426; x_wconf 92' lang='lat' dir='ltr'><strong>libris</strong></span> <span class='ocrx_word' id='word_1_59' title='bbox 504 1361 620 1425; x_wconf 87' lang='lat' dir='ltr'><strong>similia</strong></span> <span class='ocrx_word' id='word_1_60' title='bbox 643 1372 836 1443; x_wconf 88' lang='lat' dir='ltr'><strong>argumenta</strong></span> <span class='ocrx_word' id='word_1_61' title='bbox 860 1363 989 1424; x_wconf 88' lang='lat' dir='ltr'><strong>tractari</strong></span> <span class='ocrx_word' id='word_1_62' title='bbox 1014 1360 1106 1424; x_wconf 89' lang='lat' dir='ltr'><strong>facile</strong></span> <span class='ocrx_word' id='word_1_63' title='bbox 1130 1372 1179 1424; x_wconf 87' lang='lat' dir='ltr'><strong>est</strong></span> <span class='ocrx_word' id='word_1_64' title='bbox 1204 1363 1289 1424; x_wconf 90' lang='lat' dir='ltr'><strong>inue-</strong></span> 
     </span>
     <span class='ocr_line' id='line_1_10' title="bbox 223 1469 1329 1552; baseline 0.001 -20"><span class='ocrx_word' id='word_1_65' title='bbox 223 1471 299 1534; x_wconf 88' lang='lat' dir='ltr'><strong>nire.</strong></span> <span class='ocrx_word' id='word_1_66' title='bbox 348 1469 480 1532; x_wconf 90' lang='lat' dir='ltr'><strong>Crusius</strong></span> <span class='ocrx_word' id='word_1_67' title='bbox 509 1471 606 1552; x_wconf 78' lang='lat' dir='ltr'><strong>(Mus,</strong></span> <span class='ocrx_word' id='word_1_68' title='bbox 632 1471 737 1532; x_wconf 91' lang='lat' dir='ltr'><strong>Rhen.</strong></span> <span class='ocrx_word' id='word_1_69' title='bbox 762 1469 912 1544; x_wconf 88' lang='lat' dir='ltr'>XXXIX,</span> <span class='ocrx_word' id='word_1_70' title='bbox 938 1489 1013 1550; x_wconf 85' lang='lat' dir='ltr'><strong>pag.</strong></span> <span class='ocrx_word' id='word_1_71' title='bbox 1039 1469 1117 1549; x_wconf 85' lang='lat'><strong>605)</strong></span> <span class='ocrx_word' id='word_1_72' title='bbox 1142 1469 1290 1532; x_wconf 90' lang='lat' dir='ltr'><strong>Phaedro</strong></span> <span class='ocrx_word' id='word_1_73' title='bbox 1325 1526 1329 1533; x_wconf 89' lang='lat'><strong>.</strong></span> 
     </span>
     <span class='ocr_line' id='line_1_11' title="bbox 223 1576 1287 1657; baseline 0 -17"><span class='ocrx_word' id='word_1_74' title='bbox 223 1598 297 1640; x_wconf 86' lang='lat' dir='ltr'><strong>curn</strong></span> <span class='ocrx_word' id='word_1_75' title='bbox 333 1576 505 1640; x_wconf 87' lang='lat' dir='ltr'><strong>Plutarcho</strong></span> <span class='ocrx_word' id='word_1_76' title='bbox 542 1599 731 1642; x_wconf 90' lang='lat' dir='ltr'><strong>communes</strong></span> <span class='ocrx_word' id='word_1_77' title='bbox 766 1598 838 1640; x_wconf 89' lang='lat' dir='ltr'><strong>esse</strong></span> <span class='ocrx_word' id='word_1_78' title='bbox 862 1579 1066 1640; x_wconf 88' lang='lat' dir='ltr'><strong>demonstrat</strong></span> <span class='ocrx_word' id='word_1_79' title='bbox 1090 1577 1145 1654; x_wconf 92' lang='grc' dir='ltr'><strong>ΙΙΙ,</strong></span> <span class='ocrx_word' id='word_1_80' title='bbox 1172 1594 1206 1657; x_wconf 92' lang='grc'><strong>3;</strong></span> <span class='ocrx_word' id='word_1_81' title='bbox 1232 1577 1287 1653; x_wconf 87' lang='grc' dir='ltr'><strong>ΙΙΙ,</strong></span> 
     </span>
     <span class='ocr_line' id='line_1_12' title="bbox 224 1684 1389 1774; baseline -0.001 -27"><span class='ocrx_word' id='word_1_82' title='bbox 224 1686 258 1760; x_wconf 91' lang='grc'><strong>8;</strong></span> <span class='ocrx_word' id='word_1_83' title='bbox 295 1685 352 1757; x_wconf 89' lang='lat' dir='ltr'><strong>IV,</strong></span> <span class='ocrx_word' id='word_1_84' title='bbox 388 1703 424 1763; x_wconf 81' lang='lat'><strong>43</strong></span> <span class='ocrx_word' id='word_1_85' title='bbox 454 1685 510 1760; x_wconf 93' lang='lat' dir='ltr'><strong>IV,</strong></span> <span class='ocrx_word' id='word_1_86' title='bbox 541 1703 593 1760; x_wconf 82' lang='lat'><strong>103</strong></span> <span class='ocrx_word' id='word_1_87' title='bbox 620 1686 677 1760; x_wconf 92' lang='lat' dir='ltr'><strong>IV,</strong></span> <span class='ocrx_word' id='word_1_88' title='bbox 704 1702 760 1764; x_wconf 87' lang='lat'><strong>24;</strong></span> <span class='ocrx_word' id='word_1_89' title='bbox 785 1687 871 1748; x_wconf 90' lang='lat' dir='ltr'><strong>idern</strong></span> <span class='ocrx_word' id='word_1_90' title='bbox 896 1686 944 1748; x_wconf 90' lang='lat' dir='ltr'><strong>uir</strong></span> <span class='ocrx_word' id='word_1_91' title='bbox 967 1687 1085 1748; x_wconf 91' lang='lat' dir='ltr'><strong>doctus</strong></span> <span class='ocrx_word' id='word_1_92' title='bbox 1109 1684 1140 1766; x_wconf 84' lang='lat' dir='ltr'><strong>(l.</strong></span> <span class='ocrx_word' id='word_1_93' title='bbox 1167 1685 1186 1748; x_wconf 97' lang='lat' dir='ltr'><strong>l.</strong></span> <span class='ocrx_word' id='word_1_94' title='bbox 1212 1705 1288 1767; x_wconf 85' lang='lat' dir='ltr'><strong>pag.</strong></span> <span class='ocrx_word' id='word_1_95' title='bbox 1387 1767 1389 1774; x_wconf 12' lang='grc' dir='ltr'>ἲ</span> 
     </span>
     <span class='ocr_line' id='line_1_13' title="bbox 222 1789 1399 1876; baseline -0.001 -21"><span class='ocrx_word' id='word_1_96' title='bbox 222 1789 299 1876; x_wconf 87' lang='grc'>603)</span> <span class='ocrx_word' id='word_1_97' title='bbox 334 1793 460 1855; x_wconf 87' lang='lat' dir='ltr'><strong>monuit</strong></span> <span class='ocrx_word' id='word_1_98' title='bbox 483 1793 617 1856; x_wconf 88' lang='lat' dir='ltr'><strong>Phaedr.</strong></span> <span class='ocrx_word' id='word_1_99' title='bbox 643 1793 733 1874; x_wconf 86' lang='lat' dir='ltr'><strong>App.</strong></span> <span class='ocrx_word' id='word_1_100' title='bbox 760 1794 804 1856; x_wconf 97' lang='grc' dir='ltr'><strong>ΙΙΙ</strong></span> <span class='ocrx_word' id='word_1_101' title='bbox 829 1813 901 1856; x_wconf 91' lang='lat' dir='ltr'><strong>cum</strong></span> <span class='ocrx_word' id='word_1_102' title='bbox 926 1792 1109 1873; x_wconf 83' lang='lat' dir='ltr'><strong>fragmento</strong></span> <span class='ocrx_word' id='word_1_103' title='bbox 1134 1793 1289 1874; x_wconf 90' lang='lat' dir='ltr'><strong>quodam,</strong></span> <span class='ocrx_word' id='word_1_104' title='bbox 1397 1827 1399 1830; x_wconf 93' lang='lat'>·</span> 
     </span>
     <span class='ocr_line' id='line_1_14' title="bbox 224 1889 1290 1982; baseline 0 -20"><span class='ocrx_word' id='word_1_105' title='bbox 224 1900 312 1980; x_wconf 93' lang='lat' dir='ltr'><strong>quod</strong></span> <span class='ocrx_word' id='word_1_106' title='bbox 347 1900 381 1982; x_wconf 89' lang='lat' dir='ltr'><strong>in</strong></span> <span class='ocrx_word' id='word_1_107' title='bbox 415 1900 616 1981; x_wconf 91' lang='lat' dir='ltr'><strong>Protreptico</strong></span> <span class='ocrx_word' id='word_1_108' title='bbox 640 1899 745 1964; x_wconf 86' lang='lat' dir='ltr'><strong>attulit</strong></span> <span class='ocrx_word' id='word_1_109' title='bbox 763 1889 914 1962; x_wconf 46' lang='lat' dir='ltr'><strong>&#39;Galenus</strong></span> <span class='ocrx_word' id='word_1_110' title='bbox 938 1899 991 1980; x_wconf 90' lang='lat' dir='ltr'><strong>(cf.</strong></span> <span class='ocrx_word' id='word_1_111' title='bbox 1018 1899 1037 1962; x_wconf 93' lang='lat' dir='ltr'><strong>l.</strong></span> <span class='ocrx_word' id='word_1_112' title='bbox 1063 1899 1082 1962; x_wconf 92' lang='lat' dir='ltr'><strong>l.</strong></span> <span class='ocrx_word' id='word_1_113' title='bbox 1108 1920 1184 1982; x_wconf 88' lang='lat' dir='ltr'><strong>pag.</strong></span> <span class='ocrx_word' id='word_1_114' title='bbox 1214 1903 1290 1982; x_wconf 87' lang='lat'>592)</span> 
     </span>
     <span class='ocr_line' id='line_1_15' title="bbox 222 2005 1290 2082; baseline 0.002 -14"><span class='ocrx_word' id='word_1_115' title='bbox 222 2016 255 2068; x_wconf 92' lang='lat' dir='ltr'><strong>et</strong></span> <span class='ocrx_word' id='word_1_116' title='bbox 279 2005 450 2070; x_wconf 89' lang='lat' dir='ltr'><strong>Plutarcho</strong></span> <span class='ocrx_word' id='word_1_117' title='bbox 474 2007 703 2071; x_wconf 86' lang='lat' dir='ltr'><strong>ascribendum</strong></span> <span class='ocrx_word' id='word_1_118' title='bbox 729 2029 801 2072; x_wconf 91' lang='lat' dir='ltr'><strong>esse</strong></span> <span class='ocrx_word' id='word_1_119' title='bbox 825 2009 965 2072; x_wconf 89' lang='lat' dir='ltr'><strong>coniecit</strong></span> <span class='ocrx_word' id='word_1_120' title='bbox 989 2007 1130 2082; x_wconf 78' lang='lat' dir='ltr'><strong>CrusiuS,</strong></span> <span class='ocrx_word' id='word_1_121' title='bbox 1156 2028 1290 2070; x_wconf 90' lang='lat' dir='ltr'><strong>consen·</strong></span> 
     </span>
     <span class='ocr_line' id='line_1_16' title="bbox 198 2113 1289 2196; baseline 0.002 -20"><span class='ocrx_word' id='word_1_122' title='bbox 198 2113 291 2178; x_wconf 85' lang='lat' dir='ltr'><strong>¹tire.</strong></span> <span class='ocrx_word' id='word_1_123' title='bbox 340 2113 487 2195; x_wconf 84' lang='lat' dir='ltr'><strong>Quarum</strong></span> <span class='ocrx_word' id='word_1_124' title='bbox 527 2114 707 2178; x_wconf 86' lang='lat' dir='ltr'><strong>fabularum</strong></span> <span class='ocrx_word' id='word_1_125' title='bbox 747 2115 801 2190; x_wconf 88' lang='grc' dir='ltr'><strong>ΙΙΙ,</strong></span> <span class='ocrx_word' id='word_1_126' title='bbox 844 2132 861 2194; x_wconf 87' lang='lat'>3</span> <span class='ocrx_word' id='word_1_127' title='bbox 903 2117 1108 2196; x_wconf 87' lang='lat' dir='ltr'><strong>paradoxon,</strong></span> <span class='ocrx_word' id='word_1_128' title='bbox 1149 2115 1205 2190; x_wconf 94' lang='lat' dir='ltr'><strong>IV,</strong></span> <span class='ocrx_word' id='word_1_129' title='bbox 1248 2132 1289 2194; x_wconf 85' lang='lat'><strong>24</strong></span> 
     </span>
     <span class='ocr_line' id='line_1_17' title="bbox 222 2219 1289 2304; baseline 0.002 -20"><span class='ocrx_word' id='word_1_130' title='bbox 222 2222 360 2301; x_wconf 76' lang='grc' dir='ltr'>γελοῖον</span> <span class='ocrx_word' id='word_1_131' title='bbox 384 2242 456 2285; x_wconf 90' lang='lat' dir='ltr'><strong>esse</strong></span> <span class='ocrx_word' id='word_1_132' title='bbox 480 2232 598 2302; x_wconf 89' lang='lat' dir='ltr'><strong>potest.</strong></span> <span class='ocrx_word' id='word_1_133' title='bbox 640 2219 772 2286; x_wconf 87' lang='lat' dir='ltr'><strong>Crusius</strong></span> <span class='ocrx_word' id='word_1_134' title='bbox 795 2223 857 2286; x_wconf 88' lang='lat' dir='ltr'><strong>hac</strong></span> <span class='ocrx_word' id='word_1_135' title='bbox 882 2225 1097 2286; x_wconf 84' lang='lat' dir='ltr'><strong>consensione</strong></span> <span class='ocrx_word' id='word_1_136' title='bbox 1122 2241 1289 2304; x_wconf 91' lang='lat' dir='ltr'><strong>argumen-</strong></span> 
     </span>
     <span class='ocr_line' id='line_1_18' title="bbox 222 2329 1288 2410; baseline 0.004 -20"><span class='ocrx_word' id='word_1_137' title='bbox 222 2340 329 2392; x_wconf 90' lang='lat' dir='ltr'><strong>torum</strong></span> <span class='ocrx_word' id='word_1_138' title='bbox 364 2341 548 2394; x_wconf 89' lang='lat' dir='ltr'><strong>commotus</strong></span> <span class='ocrx_word' id='word_1_139' title='bbox 572 2331 711 2393; x_wconf 89' lang='lat' dir='ltr'><strong>coniecit</strong></span> <span class='ocrx_word' id='word_1_140' title='bbox 735 2332 851 2394; x_wconf 89' lang='lat' dir='ltr'><strong>eadem</strong></span> <span class='ocrx_word' id='word_1_141' title='bbox 875 2329 1077 2410; x_wconf 87' lang='lat' dir='ltr'><strong>exemplaria</strong></span> <span class='ocrx_word' id='word_1_142' title='bbox 1101 2330 1288 2394; x_wconf 89' lang='lat' dir='ltr'><strong>narrationi·</strong></span> 
     </span>
     <span class='ocr_line' id='line_1_19' title="bbox 222 2436 1288 2518; baseline 0.001 -19"><span class='ocrx_word' id='word_1_143' title='bbox 222 2436 284 2500; x_wconf 89' lang='lat' dir='ltr'><strong>bus</strong></span> <span class='ocrx_word' id='word_1_144' title='bbox 323 2437 459 2502; x_wconf 87' lang='lat' dir='ltr'><strong>Phaedri</strong></span> <span class='ocrx_word' id='word_1_145' title='bbox 497 2447 530 2500; x_wconf 92' lang='lat' dir='ltr'><strong>et</strong></span> <span class='ocrx_word' id='word_1_146' title='bbox 568 2436 729 2501; x_wconf 89' lang='lat' dir='ltr'><strong>Plutarchi</strong></span> <span class='ocrx_word' id='word_1_147' title='bbox 767 2438 911 2501; x_wconf 90' lang='lat' dir='ltr'><strong>subesse.</strong></span> <span class='ocrx_word' id='word_1_148' title='bbox 975 2436 1140 2518; x_wconf 85' lang='lat' dir='ltr'><strong>Quoniam</strong></span> <span class='ocrx_word' id='word_1_149' title='bbox 1180 2448 1288 2500; x_wconf 89' lang='lat' dir='ltr'><strong>autem</strong></span> 
     </span>
     <span class='ocr_line' id='line_1_20' title="bbox 223 2543 1290 2626; baseline 0.001 -20"><span class='ocrx_word' id='word_1_150' title='bbox 223 2543 388 2608; x_wconf 89' lang='lat' dir='ltr'><strong>Phaedrus</strong></span> <span class='ocrx_word' id='word_1_151' title='bbox 423 2566 458 2608; x_wconf 88' lang='lat' dir='ltr'><strong>se</strong></span> <span class='ocrx_word' id='word_1_152' title='bbox 493 2566 532 2608; x_wconf 90' lang='lat' dir='ltr'><strong>ea</strong></span> <span class='ocrx_word' id='word_1_153' title='bbox 567 2567 609 2608; x_wconf 86' lang='lat' dir='ltr'><strong>ex</strong></span> <span class='ocrx_word' id='word_1_154' title='bbox 646 2544 785 2626; x_wconf 85' lang='lat' dir='ltr'><strong>Aesopo</strong></span> <span class='ocrx_word' id='word_1_155' title='bbox 819 2548 999 2626; x_wconf 90' lang='lat' dir='ltr'><strong>sumpsisse</strong></span> <span class='ocrx_word' id='word_1_156' title='bbox 1031 2554 1189 2619; x_wconf 88' lang='lat' dir='ltr'><strong>autumat,</strong></span> <span class='ocrx_word' id='word_1_157' title='bbox 1214 2546 1290 2607; x_wconf 90' lang='lat' dir='ltr'><strong>inde</strong></span> 
     </span>
     <span class='ocr_line' id='line_1_21' title="bbox 221 2652 1287 2733; baseline 0 -19"><span class='ocrx_word' id='word_1_158' title='bbox 221 2661 409 2733; x_wconf 91' lang='lat' dir='ltr'><strong>sequeretur</strong></span> <span class='ocrx_word' id='word_1_159' title='bbox 447 2654 544 2716; x_wconf 91' lang='lat' dir='ltr'><strong>etiam</strong></span> <span class='ocrx_word' id='word_1_160' title='bbox 583 2652 789 2718; x_wconf 87' lang='lat' dir='ltr'><strong>Plutarchum</strong></span> <span class='ocrx_word' id='word_1_161' title='bbox 828 2654 897 2716; x_wconf 92' lang='lat' dir='ltr'><strong>eius</strong></span> <span class='ocrx_word' id='word_1_162' title='bbox 936 2653 1051 2716; x_wconf 89' lang='lat' dir='ltr'><strong>librum</strong></span> <span class='ocrx_word' id='word_1_163' title='bbox 1090 2653 1287 2716; x_wconf 89' lang='lat' dir='ltr'><strong>adhibuisse.</strong></span> 
     </span>
     <span class='ocr_line' id='line_1_22' title="bbox 222 2758 1289 2849; baseline 0.001 -27"><span class='ocrx_word' id='word_1_164' title='bbox 222 2758 320 2840; x_wconf 85' lang='lat' dir='ltr'><strong>Quod</strong></span> <span class='ocrx_word' id='word_1_165' title='bbox 346 2779 410 2849; x_wconf 89' lang='lat' dir='ltr'><strong>uno</strong></span> <span class='ocrx_word' id='word_1_166' title='bbox 435 2759 579 2824; x_wconf 86' lang='lat' dir='ltr'><strong>alteroue</strong></span> <span class='ocrx_word' id='word_1_167' title='bbox 603 2771 796 2842; x_wconf 89' lang='lat' dir='ltr'><strong>argumento</strong></span> <span class='ocrx_word' id='word_1_168' title='bbox 821 2760 941 2822; x_wconf 90' lang='lat' dir='ltr'><strong>sactum</strong></span> <span class='ocrx_word' id='word_1_169' title='bbox 966 2777 1037 2822; x_wconf 86' lang='lat' dir='ltr'><strong>esse</strong></span> <span class='ocrx_word' id='word_1_170' title='bbox 1064 2769 1181 2841; x_wconf 91' lang='lat' dir='ltr'><strong>potest.</strong></span> <span class='ocrx_word' id='word_1_171' title='bbox 1223 2760 1289 2823; x_wconf 88' lang='lat' dir='ltr'><strong>Sed</strong></span> 
     </span>
     <span class='ocr_line' id='line_1_23' title="bbox 223 2851 1289 2949; baseline 0.001 -21"><span class='ocrx_word' id='word_1_172' title='bbox 223 2867 265 2930; x_wconf 95' lang='lat' dir='ltr'><strong>de</strong></span> <span class='ocrx_word' id='word_1_173' title='bbox 299 2867 451 2930; x_wconf 85' lang='lat' dir='ltr'><strong>omnibus</strong></span> <span class='ocrx_word' id='word_1_174' title='bbox 486 2868 551 2931; x_wconf 90' lang='lat' dir='ltr'><strong>tale</strong></span> <span class='ocrx_word' id='word_1_175' title='bbox 586 2869 664 2949; x_wconf 92' lang='lat' dir='ltr'><strong>quid</strong></span> <span class='ocrx_word' id='word_1_176' title='bbox 689 2879 831 2932; x_wconf 89' lang='lat' dir='ltr'><strong>statuere</strong></span> <span class='ocrx_word' id='word_1_177' title='bbox 855 2868 1011 2930; x_wconf 88' lang='lat' dir='ltr'><strong>audacius</strong></span> <span class='ocrx_word' id='word_1_178' title='bbox 1034 2878 1129 2930; x_wconf 90' lang='lat' dir='ltr'><strong>esset.</strong></span> <span class='ocrx_word' id='word_1_179' title='bbox 1179 2851 1289 2948; x_wconf 83' lang='lat' dir='ltr'><strong>Quum</strong></span> 
     </span>
     <span class='ocr_line' id='line_1_24' title="bbox 221 2973 1289 3041; baseline 0.001 -5"><span class='ocrx_word' id='word_1_180' title='bbox 221 2976 300 3039; x_wconf 84' lang='lat' dir='ltr'><strong>satis</strong></span> <span class='ocrx_word' id='word_1_181' title='bbox 335 2986 462 3039; x_wconf 88' lang='lat' dir='ltr'><strong>constet</strong></span> <span class='ocrx_word' id='word_1_182' title='bbox 496 2975 701 3040; x_wconf 87' lang='lat' dir='ltr'><strong>Plutarchum</strong></span> <span class='ocrx_word' id='word_1_183' title='bbox 736 2977 768 3041; x_wconf 93' lang='lat' dir='ltr'><strong>in</strong></span> <span class='ocrx_word' id='word_1_184' title='bbox 803 2977 920 3038; x_wconf 89' lang='lat' dir='ltr'><strong>studiis</strong></span> <span class='ocrx_word' id='word_1_185' title='bbox 954 2973 1108 3038; x_wconf 89' lang='lat' dir='ltr'><strong>naturalis</strong></span> <span class='ocrx_word' id='word_1_186' title='bbox 1136 2975 1289 3038; x_wconf 86' lang='lat' dir='ltr'><strong>historiae</strong></span> 
     </span>
     <span class='ocr_line' id='line_1_25' title="bbox 224 3071 1289 3164; baseline 0.001 -20"><span class='ocrx_word' id='word_1_187' title='bbox 224 3081 358 3146; x_wconf 92' lang='lat' dir='ltr'><strong>multum</strong></span> <span class='ocrx_word' id='word_1_188' title='bbox 395 3093 559 3146; x_wconf 88' lang='lat' dir='ltr'><strong>uersatum</strong></span> <span class='ocrx_word' id='word_1_189' title='bbox 595 3071 677 3159; x_wconf 87' lang='lat' dir='ltr'><strong>esse,</strong></span> <span class='ocrx_word' id='word_1_190' title='bbox 707 3085 815 3164; x_wconf 89' lang='lat' dir='ltr'><strong>potius</strong></span> <span class='ocrx_word' id='word_1_191' title='bbox 839 3083 1030 3146; x_wconf 90' lang='lat' dir='ltr'><strong>crediderim</strong></span> <span class='ocrx_word' id='word_1_192' title='bbox 1054 3103 1128 3145; x_wconf 92' lang='lat' dir='ltr'><strong>eum</strong></span> <span class='ocrx_word' id='word_1_193' title='bbox 1153 3081 1289 3145; x_wconf 90' lang='lat' dir='ltr'><strong>collecti-</strong></span> 
     </span>
     <span class='ocr_line' id='line_1_26' title="bbox 223 3188 1290 3272; baseline 0.002 -22"><span class='ocrx_word' id='word_1_194' title='bbox 223 3209 320 3254; x_wconf 91' lang='lat' dir='ltr'><strong>onem</strong></span> <span class='ocrx_word' id='word_1_195' title='bbox 343 3189 419 3270; x_wconf 85' lang='grc' dir='ltr'>περὶ</span> <span class='ocrx_word' id='word_1_196' title='bbox 443 3188 540 3265; x_wconf 71' lang='grc' dir='ltr'><strong>ζώωνΙ</strong></span> <span class='ocrx_word' id='word_1_197' title='bbox 563 3212 582 3253; x_wconf 88' lang='lat' dir='ltr'><strong>a</strong></span> <span class='ocrx_word' id='word_1_198' title='bbox 606 3190 905 3272; x_wconf 84' lang='lat' dir='ltr'><strong>paradoxographo</strong></span> <span class='ocrx_word' id='word_1_199' title='bbox 934 3191 1044 3254; x_wconf 90' lang='lat' dir='ltr'><strong>nescio</strong></span> <span class='ocrx_word' id='word_1_200' title='bbox 1069 3211 1134 3272; x_wconf 94' lang='lat' dir='ltr'><strong>quo</strong></span> <span class='ocrx_word' id='word_1_201' title='bbox 1159 3211 1290 3271; x_wconf 86' lang='lat' dir='ltr'><strong>compo·</strong></span> 
     </span>
     <span class='ocr_line' id='line_1_27' title="bbox 222 3285 1290 3382; baseline 0.002 -24"><span class='ocrx_word' id='word_1_202' title='bbox 222 3298 317 3360; x_wconf 86' lang='lat' dir='ltr'><strong>sitam</strong></span> <span class='ocrx_word' id='word_1_203' title='bbox 353 3293 395 3360; x_wconf 87' lang='lat' dir='ltr'><strong>in</strong></span> <span class='ocrx_word' id='word_1_204' title='bbox 420 3319 513 3360; x_wconf 90' lang='lat' dir='ltr'><strong>usum</strong></span> <span class='ocrx_word' id='word_1_205' title='bbox 548 3300 755 3360; x_wconf 90' lang='lat' dir='ltr'><strong>conuertisse.</strong></span> <span class='ocrx_word' id='word_1_206' title='bbox 804 3299 1020 3362; x_wconf 89' lang='lat' dir='ltr'><strong>Hausrathius</strong></span> <span class='ocrx_word' id='word_1_207' title='bbox 1048 3285 1159 3360; x_wconf 51' lang='lat' dir='ltr'><strong>*autem</strong></span> <span class='ocrx_word' id='word_1_208' title='bbox 1196 3296 1290 3382; x_wconf 81' lang='lat' dir='ltr'><strong>(neue</strong></span> 
     </span>
     <span class='ocr_line' id='line_1_28' title="bbox 217 3403 1289 3486; baseline 0.002 -20"><span class='ocrx_word' id='word_1_209' title='bbox 217 3403 418 3483; x_wconf 85' lang='lat' dir='ltr'><strong>Jahrbiicher</strong></span> <span class='ocrx_word' id='word_1_210' title='bbox 446 3407 594 3484; x_wconf 88' lang='lat'><strong>1898,1‚</strong></span> <span class='ocrx_word' id='word_1_211' title='bbox 620 3426 695 3486; x_wconf 86' lang='lat' dir='ltr'><strong>pag.</strong></span> <span class='ocrx_word' id='word_1_212' title='bbox 723 3408 799 3486; x_wconf 83' lang='lat'>309)</span> <span class='ocrx_word' id='word_1_213' title='bbox 825 3407 963 3469; x_wconf 90' lang='lat' dir='ltr'><strong>coniecit</strong></span> <span class='ocrx_word' id='word_1_214' title='bbox 986 3407 1018 3468; x_wconf 91' lang='lat' dir='ltr'><strong>in</strong></span> <span class='ocrx_word' id='word_1_215' title='bbox 1042 3404 1289 3469; x_wconf 87' lang='lat' dir='ltr'><strong>collectionibus</strong></span> 
     </span>
     <span class='ocr_line' id='line_1_29' title="bbox 222 3509 1289 3594; baseline 0.002 -20"><span class='ocrx_word' id='word_1_216' title='bbox 222 3509 351 3593; x_wconf 89' lang='lat' dir='ltr'><strong>Aesopi</strong></span> <span class='ocrx_word' id='word_1_217' title='bbox 374 3523 522 3594; x_wconf 88' lang='lat' dir='ltr'><strong>receptas</strong></span> <span class='ocrx_word' id='word_1_218' title='bbox 546 3533 617 3576; x_wconf 90' lang='lat' dir='ltr'><strong>esse</strong></span> <span class='ocrx_word' id='word_1_219' title='bbox 642 3515 853 3590; x_wconf 71' lang='lat' dir='ltr'><strong>narrationes</strong></span> <span class='ocrx_word' id='word_1_220' title='bbox 878 3534 963 3594; x_wconf 90' lang='lat' dir='ltr'><strong>quae</strong></span> <span class='ocrx_word' id='word_1_221' title='bbox 986 3533 1107 3594; x_wconf 91' lang='lat' dir='ltr'><strong>magna</strong></span> <span class='ocrx_word' id='word_1_222' title='bbox 1130 3533 1173 3575; x_wconf 88' lang='lat' dir='ltr'><strong>ex</strong></span> <span class='ocrx_word' id='word_1_223' title='bbox 1197 3523 1289 3594; x_wconf 89' lang='lat' dir='ltr'><strong>parte</strong></span> 
     </span>
     <span class='ocr_line' id='line_1_30' title="bbox 222 3620 1289 3702; baseline 0.003 -22"><span class='ocrx_word' id='word_1_224' title='bbox 222 3639 240 3680; x_wconf 93' lang='lat' dir='ltr'><strong>e</strong></span> <span class='ocrx_word' id='word_1_225' title='bbox 275 3620 580 3702; x_wconf 85' lang='lat' dir='ltr'><strong>paradoxographis</strong></span> <span class='ocrx_word' id='word_1_226' title='bbox 618 3620 798 3684; x_wconf 88' lang='lat' dir='ltr'><strong>fluxissent.</strong></span> <span class='ocrx_word' id='word_1_227' title='bbox 846 3621 932 3684; x_wconf 93' lang='lat' dir='ltr'><strong>Nihil</strong></span> <span class='ocrx_word' id='word_1_228' title='bbox 972 3622 1067 3702; x_wconf 88' lang='lat' dir='ltr'><strong>igitur</strong></span> <span class='ocrx_word' id='word_1_229' title='bbox 1105 3631 1163 3696; x_wconf 90' lang='lat' dir='ltr'><strong>est,</strong></span> <span class='ocrx_word' id='word_1_230' title='bbox 1201 3621 1289 3701; x_wconf 91' lang='lat' dir='ltr'><strong>quod</strong></span> 
     </span>
    </p>

    <p class='ocr_par' dir='ltr' id='par_1_3' title="bbox 222 3707 1344 4250">
     <span class='ocr_line' id='line_1_31' title="bbox 222 3707 1344 3810; baseline 0.003 -23"><span class='ocrx_word' id='word_1_231' title='bbox 222 3726 331 3790; x_wconf 89' lang='lat' dir='ltr'><strong>obstet</strong></span> <span class='ocrx_word' id='word_1_232' title='bbox 368 3730 540 3808; x_wconf 90' lang='lat' dir='ltr'><strong>quominus</strong></span> <span class='ocrx_word' id='word_1_233' title='bbox 580 3728 652 3791; x_wconf 91' lang='lat' dir='ltr'><strong>fons</strong></span> <span class='ocrx_word' id='word_1_234' title='bbox 690 3728 866 3810; x_wconf 91' lang='lat' dir='ltr'><strong>Aesopeus</strong></span> <span class='ocrx_word' id='word_1_235' title='bbox 905 3728 1040 3792; x_wconf 89' lang='lat' dir='ltr'><strong>Phaedri</strong></span> <span class='ocrx_word' id='word_1_236' title='bbox 1078 3739 1111 3790; x_wconf 91' lang='lat' dir='ltr'><strong>et</strong></span> <span class='ocrx_word' id='word_1_237' title='bbox 1140 3727 1289 3791; x_wconf 88' lang='lat' dir='ltr'><strong>collectio</strong></span> <span class='ocrx_word' id='word_1_238' title='bbox 1341 3707 1344 3714; x_wconf 36' lang='lat'><strong>⁴</strong></span> 
     </span>
     <span class='ocr_line' id='line_1_32' title="bbox 222 3836 1289 3918; baseline 0.002 -22"><span class='ocrx_word' id='word_1_239' title='bbox 222 3836 464 3914; x_wconf 87' lang='lat' dir='ltr'><strong>paradoxorum</strong></span> <span class='ocrx_word' id='word_1_240' title='bbox 500 3836 661 3898; x_wconf 91' lang='lat' dir='ltr'><strong>Plutarchi</strong></span> <span class='ocrx_word' id='word_1_241' title='bbox 696 3857 793 3918; x_wconf 89' lang='lat' dir='ltr'><strong>quarn</strong></span> <span class='ocrx_word' id='word_1_242' title='bbox 831 3838 979 3918; x_wconf 87' lang='lat' dir='ltr'><strong>proxime</strong></span> <span class='ocrx_word' id='word_1_243' title='bbox 1012 3837 1093 3899; x_wconf 90' lang='lat' dir='ltr'><strong>inter</strong></span> <span class='ocrx_word' id='word_1_244' title='bbox 1116 3857 1151 3898; x_wconf 91' lang='lat' dir='ltr'><strong>se</strong></span> <span class='ocrx_word' id='word_1_245' title='bbox 1175 3837 1289 3900; x_wconf 87' lang='lat' dir='ltr'><strong>cohae-</strong></span> 
     </span>
     <span class='ocr_line' id='line_1_33' title="bbox 222 3943 1290 4028; baseline 0.002 -24"><span class='ocrx_word' id='word_1_246' title='bbox 222 3943 322 4004; x_wconf 89' lang='lat' dir='ltr'><strong>serint</strong></span> <span class='ocrx_word' id='word_1_247' title='bbox 360 3943 525 4026; x_wconf 87' lang='lat' dir='ltr'><strong>multaque</strong></span> <span class='ocrx_word' id='word_1_248' title='bbox 564 3946 748 4008; x_wconf 88' lang='lat' dir='ltr'><strong>communia</strong></span> <span class='ocrx_word' id='word_1_249' title='bbox 787 3945 965 4008; x_wconf 92' lang='lat' dir='ltr'><strong>habuerint.</strong></span> <span class='ocrx_word' id='word_1_250' title='bbox 1025 3943 1151 4006; x_wconf 89' lang='lat' dir='ltr'><strong>Eodem</strong></span> <span class='ocrx_word' id='word_1_251' title='bbox 1190 3946 1290 4028; x_wconf 90' lang='lat' dir='ltr'><strong>modo</strong></span> 
     </span>
     <span class='ocr_line' id='line_1_34' title="bbox 222 4050 1290 4133; baseline 0.001 -21"><span class='ocrx_word' id='word_1_252' title='bbox 222 4050 309 4114; x_wconf 89' lang='lat' dir='ltr'><strong>haud</strong></span> <span class='ocrx_word' id='word_1_253' title='bbox 347 4050 446 4114; x_wconf 91' lang='lat' dir='ltr'><strong>dubie</strong></span> <span class='ocrx_word' id='word_1_254' title='bbox 485 4051 680 4133; x_wconf 81' lang='lat' dir='ltr'><strong>expllcanda</strong></span> <span class='ocrx_word' id='word_1_255' title='bbox 718 4063 767 4114; x_wconf 91' lang='lat' dir='ltr'><strong>est</strong></span> <span class='ocrx_word' id='word_1_256' title='bbox 806 4052 942 4114; x_wconf 87' lang='lat' dir='ltr'><strong>Phaedri</strong></span> <span class='ocrx_word' id='word_1_257' title='bbox 977 4073 1049 4114; x_wconf 92' lang='lat' dir='ltr'><strong>cum</strong></span> <span class='ocrx_word' id='word_1_258' title='bbox 1075 4051 1290 4133; x_wconf 71' lang='lat' dir='ltr'><strong>&#39;scriptoribus</strong></span> 
     </span>
     <span class='ocr_line' id='line_1_35' title="bbox 223 4157 1294 4250; baseline 0.002 -30"><span class='ocrx_word' id='word_1_259' title='bbox 223 4157 377 4220; x_wconf 89' lang='lat' dir='ltr'><strong>naturalis</strong></span> <span class='ocrx_word' id='word_1_260' title='bbox 413 4158 574 4250; x_wconf 82' lang='lat' dir='ltr'><strong>historiae,</strong></span> <span class='ocrx_word' id='word_1_261' title='bbox 610 4161 665 4239; x_wconf 94' lang='lat' dir='ltr'><strong>qui</strong></span> <span class='ocrx_word' id='word_1_262' title='bbox 702 4160 743 4222; x_wconf 92' lang='lat' dir='ltr'><strong>ad</strong></span> <span class='ocrx_word' id='word_1_263' title='bbox 774 4180 834 4222; x_wconf 90' lang='lat' dir='ltr'><strong>nos</strong></span> <span class='ocrx_word' id='word_1_264' title='bbox 859 4170 1081 4240; x_wconf 87' lang='lat' dir='ltr'><strong>peruenerunt,</strong></span> <span class='ocrx_word' id='word_1_265' title='bbox 1106 4160 1294 4247; x_wconf 74' lang='lat' dir='ltr'><strong>consensio.</strong></span> 
     </span>
    </p>
   </div>
   <div class='ocr_carea' id='block_1_3' title="bbox 0 0 1627 4868">
    <p class='ocr_par' dir='ltr' id='par_1_4' title="bbox 0 0 1627 4868">
     <span class='ocr_line' id='line_1_36' title="bbox 0 0 1627 4868; baseline 0 0"><span class='ocrx_word' id='word_1_266' title='bbox 0 0 1627 4868; x_wconf 95' lang='lat' dir='ltr'><strong> </strong></span> 
     </span>
    </p>
   </div>
  </div>
 </body>
</html>
