3244 4868
676 399 851 469 ...(35.-

229 601 353 664 Fabula
388 602 495 666 soluto
529 623 680 672 sermone
713 602 849 684 prolata,
875 624 959 684 quae
984 606 1072 684 apud
1098 587 1205 667 Halm.
1233 617 1296 685 359

229 720 287 784 est,
313 711 448 771 deorum
473 730 605 773 munere
628 712 750 772 omisso
774 711 900 791 incipit:
925 708 1133 790 »ἀνθρώπων
1149 711 1296 790 ἕκαστος

229 813 294 878 δύο
329 815 439 896 πέρας
462 816 589 898 φέρει.»
618 817 683 880 Sed
709 818 741 878 id
766 819 884 898 ipsum,
910 821 1007 900 quod·
1023 828 1054 880 et
1078 820 1110 880 in
1135 819 1295 882 Babriana

228 933 261 986 et
297 925 327 986 in
342 981 346 987 .
363 924 565 988 Phaedriana
600 924 716 987 sabulis
751 927 833 987 deus
866 945 961 1006 peras
984 926 1170 989 hominibus
1194 927 1295 1008 impo-

228 1051 309 1093 nens
347 1033 517 1107 inducitur,
558 1032 700 1104 declarat
735 1033 768 1094 id
803 1034 901 1094 etiam
937 1034 968 1095 in
1004 1033 1095 1095 fonte
1130 1035 1296 1115 utriusque

159 1164 161 1168 ·
227 1138 385 1219 Aesopeo
418 1138 535 1201 lectum
560 1159 641 1202 esse.
691 1139 860 1202 Dissensio
884 1141 970 1203 enirn
994 1152 1162 1203 auctorum
1186 1142 1217 1203 in
1242 1142 1295 1203 dei

228 1247 360 1308 nomine
394 1247 561 1309 afferendo
596 1257 666 1308 tota
700 1248 733 1309 in
769 1267 809 1308 eo
834 1249 942 1328 posita
965 1267 1036 1310 esse
1060 1259 1180 1329 potest,
1205 1249 1293 1330 quod

227 1354 259 1415 in
295 1352 473 1434 exemplari
497 1355 721 1434 antiquissimo
745 1354 903 1436 Aesopeo
928 1375 988 1436 pro
1012 1357 1143 1418 nomine
1167 1357 1220 1418 dei
1244 1376 1293 1418 so

226 1459 291 1522 lum
331 1461 370 1522 »b
404 1460 508 1538 θεὸς»
547 1460 722 1542 legebatur,
748 1472 783 1524 ut
806 1462 907 1524 habet
930 1461 1000 1543 ipse
1024 1463 1160 1526 Babrius
1186 1481 1214 1538 2,
1245 1481 1292 1526 12.
1345 1489 1347 1493 ·

227 1567 327 1648 Quod
363 1569 401 1636 in
431 1568 539 1631 fabula
573 1569 681 1631 Babrii
717 1569 926 1633 Prometheus
951 1571 1042 1632 θεῶν
1065 1572 1131 1632 τῶν
1153 1567 1296 1650 πρώτων

227 1675 343 1739 dicitur
377 1695 458 1750 esse,
495 1688 582 1738 recte
617 1678 742 1740 monuit
777 1676 908 1739 Crusius
932 1676 984 1761 (de
1008 1678 1103 1740 Babr.
1129 1689 1190 1740 aet.
1217 1697 1292 1760 pag.

227 1797 244 1842 2
250 1798 300 1860 34,
318 1784 393 1844 adn.
413 1781 443 1866 2)
459 1799 542 1845 eum*
554 1776 671 1845 »unum
688 1804 730 1845 ex
747 1783 936 1846 Titanibus»
956 1794 1032 1846 ante
1048 1787 1192 1866 regimen
1206 1786 1294 1848 Iouis

226 1891 383 1952 mundum
419 1890 676 1971 gubernantibus
706 1911 787 1966 esse,
813 1911 911 1972 quam
936 1892 980 1953 ob
1005 1911 1071 1953 rem
1097 1893 1291 1956 reiciendam

226 2016 297 2058 esse
321 1997 495 2078 Hartungii
519 1999 738 2060 coniecturam
756 1998 906 2079 legentis:
925 1998 1044 2061 ἀλλὀὐ
1060 2001 1127 2061 τῶν
1141 1998 1290 2079 πρώτων,

331 2104 368 2165 In
392 2103 511 2179 sabula,
537 2125 620 2185 quae
644 2107 732 2186 apud
756 2105 936 2167 Phaedrum
958 2106 1141 2168 inscribitur
1159 2107 1293 2188 »Lupus

225 2220 257 2272 et
294 2210 486 2287 bubulcus»,
527 2213 690 2292 exigenda
732 2233 865 2274 necesse
900 2215 960 2274 erit
994 2214 1049 2276 diu
1085 2213 1291 2276 haesitemus,

224 2317 388 2381 Phaedrus
412 2337 570 2399 personas
594 2319 705 2382 habet:
731 2319 852 2400 lupum,
878 2320 1062 2396 bubulcum,
1083 2332 1290 2398 uenatorem;

226 2424 377 2488 Babrius:
402 2425 543 2507 uulpem,
569 2426 748 2506 lignarium,
767 2437 967 2489 uenatorem.
992 2427 1027 2491 Si
1043 2427 1169 2491 fabulas
1185 2427 1293 2490 soluta

225 2534 371 2595 oratione
405 2535 551 2614 scriptas
577 2555 662 2615 quae
686 2537 774 2615 apud
800 2533 906 2596 Halm.
935 2549 973 2614 35
1000 2546 1032 2598 et
1058 2553 1074 2614 3
1082 2531 1113 2615 5ὁ
1136 2547 1221 2611 sunt,
1246 2537 1291 2599 in·

224 2642 437 2721 spexerimuS,
473 2642 674 2703 inueniemus
709 2644 791 2703 duas
823 2641 948 2704 fabulas
971 2642 1083 2706 similis
1107 2645 1290 2724 argumenti

224 2767 306 2822 esse,
338 2769 473 2829 quarum
500 2762 537 2828 35
564 2749 606 2810 ad
632 2748 774 2812 fabulam
799 2749 994 2812 Babrianam
1019 2771 1116 2832 quam
1142 2753 1291 2831 proxime

224 2856 359 2930 accedit,
392 2876 588 2937 quamquam
625 2877 696 2918 earn
723 2857 936 2938 paraphrasin
960 2877 1032 2920 esse
1055 2858 1236 2944 Babrianae
1252 2879 1291 2921 ea

223 2982 320 3024 causa
355 2963 422 3024 iure
457 2964 644 3044 negandum
673 2985 744 3026 esse
769 2984 897 3039 censeo,
923 2967 1011 3046 quod
1035 2964 1164 3046 uulpem
1190 2967 1228 3027 ἐν
1249 2968 1289 3048 τῇ

222 3067 355 3156 καλύβῃ
391 3069 547 3132 latentem
584 3092 603 3132 a
637 3073 752 3134 ceteris
786 3073 932 3134 eiusdem
968 3075 1151 3154 argumenti
1175 3073 1290 3134 fabulis

221 3177 400 3240 abhorrens
424 3177 508 3240 facit.
557 3177 656 3259 Quod
679 3181 795 3240 attinet
819 3179 861 3240 ad
887 3197 903 3259 3
911 3175 951 3258 5⁶,
975 3180 1101 3260 origine
1118 3201 1189 3242 eam
1207 3183 1289 3261 prio·

223 3304 290 3346 rem
314 3305 413 3366 quam
439 3299 477 3364 35
504 3305 576 3348 esse
600 3286 774 3360 contendo
800 3307 860 3348 nec
884 3287 999 3349 dubito
1023 3288 1101 3368 quin
1124 3290 1166 3348 ad
1182 3308 1288 3350 exem·

153 3466 156 3471 ¹
221 3390 299 3472 plar‚
333 3395 422 3474 quod
445 3404 514 3454 erat
537 3393 569 3454 in
594 3391 721 3473 sylloge
745 3392 903 3474 Aesopea
926 3396 1127 3475 primigenia,
1154 3397 1288 3476 propius

221 3519 318 3580 quam
350 3510 405 3562 aut
429 3500 629 3562 Phaedriana
654 3511 710 3562 aut
732 3500 893 3562 Babriana
917 3512 974 3562 aut
997 3500 1106 3562 Halm.
1134 3514 1171 3580 35
1199 3523 1287 3564 acce·

221 3607 287 3668 dat.
335 3605 434 3688 Quod
458 3609 544 3669 enim
569 3609 601 3669 in
625 3608 689 3669 fine
712 3606 842 3670 fabulae
858 3607 971 3689 uulpes
988 3610 1148 3688 inducitur
1162 3620 1286 3672 senten·

220 3715 297 3775 tiam
322 3714 477 3778 moralem
502 3715 638 3780 afferens
662 3715 760 3778 hanc:
784 3714 831 3793 ὣς
847 3714 962 3793 δειλὸς
977 3701 1049 3795 ἄρα’
1063 3716 1121 3778 καὶ
1136 3716 1287 3798 πονηρὸς

219 3818 322 3898 ἦσθα,
370 3819 485 3898 δειλὸς
530 3819 590 3904 μὲν
635 3821 723 3901 πρὸς
767 3822 920 3901 λέοντας,
967 3822 1119 3904 ποκηρὸς
1150 3822 1191 3886 δὲ
1238 3827 1287 3902 εἰς

220 3928 404 4009 ἐλάφους»,
441 3931 474 3990 id
510 3930 551 3991 de
587 3931 711 4011 origine
736 3951 812 3993 uere
836 3929 992 4011 Aesopea
1015 3941 1161 4007 testatur,
1187 3953 1293 4013 quum.

219 4037 297 4098 satis
335 4046 485 4098 constare
523 4038 672 4100 uideatur
709 4037 840 4118 uulpem
880 4037 1009 4100 fabulae
1047 4040 1287 4102 uetustissimae

221 4143 398 4223 Aesopeae
415 4148 643 4225 »anpurpuioru
661 4163 731 4207 esse
744 4145 796 4224 (cf.
811 4145 854 4206 A.
870 4146 1043 4220 Hammath,
1058 4147 1126 4208 Das
1139 4145 1287 4210 Problem
