<?xml version="1.0" encoding="UTF-8"?>
<!DOCTYPE html PUBLIC "-//W3C//DTD XHTML 1.0 Transitional//EN"
    "http://www.w3.org/TR/xhtml1/DTD/xhtml1-transitional.dtd">
<html xmlns="http://www.w3.org/1999/xhtml" xml:lang="en" lang="en">
 <head>
  <title>
</title>
<meta http-equiv="Content-Type" content="text/html;charset=utf-8" />
  <meta name='ocr-system' content='tesseract 3.04.00' />
  <meta name='ocr-capabilities' content='ocr_page ocr_carea ocr_par ocr_line ocrx_word'/>
</head>
<body>
  <div class='ocr_page' id='page_1' title='image "./stvdiadefontibv00chrigoog_0135.png"; bbox 0 0 3260 4882; ppageno 0'>
   <div class='ocr_carea' id='block_1_1' title="bbox 660 394 859 466">
    <p class='ocr_par' dir='ltr' id='par_1_1' title="bbox 660 394 859 466">
     <span class='ocr_line' id='line_1_1' title="bbox 660 394 859 466; baseline 0 -34"><span class='ocrx_word' id='word_1_1' title='bbox 660 394 859 466; x_wconf 63' lang='lat'><em>-123...</em></span> 
     </span>
    </p>
   </div>
   <div class='ocr_carea' id='block_1_2' title="bbox 223 587 1379 4119">
    <p class='ocr_par' dir='ltr' id='par_1_2' title="bbox 223 587 1379 4119">
     <span class='ocr_line' id='line_1_2' title="bbox 226 587 1291 683; baseline 0.002 -23"><span class='ocrx_word' id='word_1_2' title='bbox 226 587 310 683; x_wconf 87' lang='lat' dir='ltr'>sunt,</span> <span class='ocrx_word' id='word_1_3' title='bbox 346 609 492 660; x_wconf 90' lang='lat' dir='ltr'>secutum</span> <span class='ocrx_word' id='word_1_4' title='bbox 525 619 596 662; x_wconf 88' lang='lat' dir='ltr'>esse</span> <span class='ocrx_word' id='word_1_5' title='bbox 620 611 652 662; x_wconf 89' lang='lat' dir='ltr'>et</span> <span class='ocrx_word' id='word_1_6' title='bbox 676 621 714 663; x_wconf 90' lang='lat' dir='ltr'>ea</span> <span class='ocrx_word' id='word_1_7' title='bbox 739 601 888 682; x_wconf 87' lang='lat' dir='ltr'>probant,</span> <span class='ocrx_word' id='word_1_8' title='bbox 914 621 998 680; x_wconf 89' lang='lat' dir='ltr'>quae</span> <span class='ocrx_word' id='word_1_9' title='bbox 1022 601 1064 662; x_wconf 91' lang='lat' dir='ltr'>de</span> <span class='ocrx_word' id='word_1_10' title='bbox 1085 599 1195 662; x_wconf 70' lang='lat' dir='ltr'>&#39;sabula</span> <span class='ocrx_word' id='word_1_11' title='bbox 1218 619 1291 662; x_wconf 88' lang='lat' dir='ltr'>curn</span> 
     </span>
     <span class='ocr_line' id='line_1_3' title="bbox 228 705 1291 796; baseline 0 -28"><span class='ocrx_word' id='word_1_12' title='bbox 228 705 291 768; x_wconf 89' lang='lat' dir='ltr'>alia</span> <span class='ocrx_word' id='word_1_13' title='bbox 324 709 508 768; x_wconf 83' lang='lat' dir='ltr'>narratione</span> <span class='ocrx_word' id='word_1_14' title='bbox 542 709 772 796; x_wconf 87' lang='lat' dir='ltr'>coniungenda</span> <span class='ocrx_word' id='word_1_15' title='bbox 806 727 903 788; x_wconf 91' lang='lat' dir='ltr'>supra</span> <span class='ocrx_word' id='word_1_16' title='bbox 927 709 1121 782; x_wconf 89' lang='lat' dir='ltr'>dictasunt,</span> <span class='ocrx_word' id='word_1_17' title='bbox 1146 718 1179 769; x_wconf 91' lang='lat' dir='ltr'>et</span> <span class='ocrx_word' id='word_1_18' title='bbox 1203 709 1291 789; x_wconf 91' lang='lat' dir='ltr'>quod</span> 
     </span>
     <span class='ocr_line' id='line_1_4' title="bbox 226 803 1292 904; baseline 0.002 -28"><span class='ocrx_word' id='word_1_19' title='bbox 226 814 312 876; x_wconf 90' lang='lat' dir='ltr'>haud</span> <span class='ocrx_word' id='word_1_20' title='bbox 337 815 492 894; x_wconf 89' lang='lat' dir='ltr'>exiguum</span> <span class='ocrx_word' id='word_1_21' title='bbox 517 803 684 877; x_wconf 89' lang='lat' dir='ltr'>numerum</span> <span class='ocrx_word' id='word_1_22' title='bbox 710 814 887 904; x_wconf 83' lang='lat' dir='ltr'>fabularum</span> <span class='ocrx_word' id='word_1_23' title='bbox 911 816 953 877; x_wconf 87' lang='lat' dir='ltr'>ad</span> <span class='ocrx_word' id='word_1_24' title='bbox 971 816 1143 895; x_wconf 92' lang='lat' dir='ltr'>prouerbia</span> <span class='ocrx_word' id='word_1_25' title='bbox 1158 815 1292 878; x_wconf 86' lang='lat' dir='ltr'>finxisse</span> 
     </span>
     <span class='ocr_line' id='line_1_5' title="bbox 225 921 1336 1014; baseline 0.001 -31"><span class='ocrx_word' id='word_1_26' title='bbox 225 923 362 1014; x_wconf 84' lang='lat' dir='ltr'>uidetur.</span> <span class='ocrx_word' id='word_1_27' title='bbox 410 921 595 984; x_wconf 79' lang='lat' dir='ltr'>Sententiae</span> <span class='ocrx_word' id='word_1_28' title='bbox 630 924 716 986; x_wconf 92' lang='lat' dir='ltr'>enim</span> <span class='ocrx_word' id='word_1_29' title='bbox 751 921 830 996; x_wconf 89' lang='lat' dir='ltr'>illas,</span> <span class='ocrx_word' id='word_1_30' title='bbox 866 941 950 1004; x_wconf 88' lang='lat' dir='ltr'>quae</span> <span class='ocrx_word' id='word_1_31' title='bbox 982 921 1104 984; x_wconf 83' lang='lat' dir='ltr'>Publilii</span> <span class='ocrx_word' id='word_1_32' title='bbox 1130 921 1204 1002; x_wconf 90' lang='lat' dir='ltr'>Syri</span> <span class='ocrx_word' id='word_1_33' title='bbox 1228 921 1290 1006; x_wconf 86' lang='lat' dir='ltr'>(ed.</span> <span class='ocrx_word' id='word_1_34' title='bbox 1324 959 1336 966; x_wconf 40' lang='lat' dir='ltr'>v·</span> 
     </span>
     <span class='ocr_line' id='line_1_6' title="bbox 226 1029 1290 1114; baseline 0.002 -24"><span class='ocrx_word' id='word_1_35' title='bbox 226 1029 279 1113; x_wconf 88' lang='lat' dir='ltr'>W.</span> <span class='ocrx_word' id='word_1_36' title='bbox 305 1029 429 1114; x_wconf 86' lang='lat' dir='ltr'>Meyer)</span> <span class='ocrx_word' id='word_1_37' title='bbox 454 1029 605 1106; x_wconf 86' lang='lat' dir='ltr'>feruntur,</span> <span class='ocrx_word' id='word_1_38' title='bbox 624 1030 826 1111; x_wconf 90' lang='lat' dir='ltr'>peruoluenti</span> <span class='ocrx_word' id='word_1_39' title='bbox 844 1031 920 1092; x_wconf 90' lang='lat' dir='ltr'>mihi</span> <span class='ocrx_word' id='word_1_40' title='bbox 938 1029 1057 1092; x_wconf 92' lang='lat' dir='ltr'>multae</span> <span class='ocrx_word' id='word_1_41' title='bbox 1074 1040 1290 1104; x_wconf 88' lang='lat' dir='ltr'>occurrerunt,</span> 
     </span>
     <span class='ocr_line' id='line_1_7' title="bbox 226 1136 1293 1218; baseline 0 -20"><span class='ocrx_word' id='word_1_42' title='bbox 226 1157 310 1217; x_wconf 92' lang='lat' dir='ltr'>quae</span> <span class='ocrx_word' id='word_1_43' title='bbox 344 1137 421 1218; x_wconf 92' lang='lat' dir='ltr'>quin</span> <span class='ocrx_word' id='word_1_44' title='bbox 457 1159 531 1200; x_wconf 93' lang='lat' dir='ltr'>cum</span> <span class='ocrx_word' id='word_1_45' title='bbox 565 1137 700 1201; x_wconf 88' lang='lat' dir='ltr'>Phaedri</span> <span class='ocrx_word' id='word_1_46' title='bbox 736 1136 853 1200; x_wconf 87' lang='lat' dir='ltr'>sabulis</span> <span class='ocrx_word' id='word_1_47' title='bbox 877 1138 1071 1218; x_wconf 88' lang='lat' dir='ltr'>quibusdam</span> <span class='ocrx_word' id='word_1_48' title='bbox 1096 1137 1293 1201; x_wconf 85' lang='lat' dir='ltr'>cohaereant</span> 
     </span>
     <span class='ocr_line' id='line_1_8' title="bbox 227 1243 1291 1326; baseline 0.001 -20"><span class='ocrx_word' id='word_1_49' title='bbox 227 1244 362 1306; x_wconf 92' lang='lat' dir='ltr'>dubium</span> <span class='ocrx_word' id='word_1_50' title='bbox 395 1265 466 1306; x_wconf 82' lang='lat' dir='ltr'>esse</span> <span class='ocrx_word' id='word_1_51' title='bbox 500 1266 566 1307; x_wconf 93' lang='lat' dir='ltr'>non</span> <span class='ocrx_word' id='word_1_52' title='bbox 602 1255 720 1326; x_wconf 87' lang='lat' dir='ltr'>potest.</span> <span class='ocrx_word' id='word_1_53' title='bbox 769 1245 897 1308; x_wconf 88' lang='lat' dir='ltr'>Sene&#39;ca-</span> <span class='ocrx_word' id='word_1_54' title='bbox 925 1244 978 1325; x_wconf 86' lang='lat' dir='ltr'>(cl.</span> <span class='ocrx_word' id='word_1_55' title='bbox 1004 1243 1111 1318; x_wconf 85' lang='lat' dir='ltr'>Dahl,</span> <span class='ocrx_word' id='word_1_56' title='bbox 1136 1244 1220 1307; x_wconf 86' lang='lat' dir='ltr'>Hist.</span> <span class='ocrx_word' id='word_1_57' title='bbox 1245 1243 1291 1308; x_wconf 83' lang='lat' dir='ltr'>lit.·</span> 
     </span>
     <span class='ocr_line' id='line_1_9' title="bbox 229 1351 1379 1437; baseline 0.002 -25"><span class='ocrx_word' id='word_1_58' title='bbox 229 1372 307 1414; x_wconf 90' lang='lat' dir='ltr'>rom.</span> <span class='ocrx_word' id='word_1_59' title='bbox 334 1373 409 1433; x_wconf 86' lang='lat' dir='ltr'>pag.</span> <span class='ocrx_word' id='word_1_60' title='bbox 440 1351 511 1437; x_wconf 87' lang='lat'>138)</span> <span class='ocrx_word' id='word_1_61' title='bbox 535 1354 630 1416; x_wconf 93' lang='lat' dir='ltr'>nobis</span> <span class='ocrx_word' id='word_1_62' title='bbox 653 1354 745 1416; x_wconf 90' lang='lat' dir='ltr'>testis</span> <span class='ocrx_word' id='word_1_63' title='bbox 769 1364 819 1415; x_wconf 90' lang='lat' dir='ltr'>est</span> <span class='ocrx_word' id='word_1_64' title='bbox 844 1354 950 1414; x_wconf 88' lang='lat' dir='ltr'>mimis</span> <span class='ocrx_word' id='word_1_65' title='bbox 973 1351 1098 1414; x_wconf 91' lang='lat' dir='ltr'>Publilii</span> <span class='ocrx_word' id='word_1_66' title='bbox 1114 1353 1293 1414; x_wconf 86' lang='lat' dir='ltr'>sententias</span> <span class='ocrx_word' id='word_1_67' title='bbox 1377 1423 1379 1426; x_wconf 13' lang='lat' dir='ltr'>v</span> 
     </span>
     <span class='ocr_line' id='line_1_10' title="bbox 227 1457 1292 1544; baseline 0.001 -24"><span class='ocrx_word' id='word_1_68' title='bbox 227 1457 458 1540; x_wconf 90' lang='lat' dir='ltr'>pulcherrimas</span> <span class='ocrx_word' id='word_1_69' title='bbox 492 1461 659 1544; x_wconf 87' lang='lat' dir='ltr'>immixtas</span> <span class='ocrx_word' id='word_1_70' title='bbox 693 1481 774 1534; x_wconf 83' lang='lat' dir='ltr'>esse,</span> <span class='ocrx_word' id='word_1_71' title='bbox 811 1470 843 1521; x_wconf 89' lang='lat' dir='ltr'>et</span> <span class='ocrx_word' id='word_1_72' title='bbox 878 1461 905 1520; x_wconf 89' lang='lat' dir='ltr'>si</span> <span class='ocrx_word' id='word_1_73' title='bbox 920 1469 1019 1522; x_wconf 81' lang='lat' dir='ltr'>recte</span> <span class='ocrx_word' id='word_1_74' title='bbox 1043 1460 1183 1522; x_wconf 89' lang='lat' dir='ltr'>coniecit</span> <span class='ocrx_word' id='word_1_75' title='bbox 1206 1458 1292 1522; x_wconf 89' lang='lat' dir='ltr'>Dahl</span> 
     </span>
     <span class='ocr_line' id='line_1_11' title="bbox 226 1565 1292 1650; baseline 0.001 -22"><span class='ocrx_word' id='word_1_76' title='bbox 226 1565 371 1630; x_wconf 86' lang='lat' dir='ltr'>Senecae</span> <span class='ocrx_word' id='word_1_77' title='bbox 406 1567 513 1629; x_wconf 89' lang='lat' dir='ltr'>uerbis</span> <span class='ocrx_word' id='word_1_78' title='bbox 549 1565 613 1650; x_wconf 84' lang='lat' dir='ltr'>(ep.</span> <span class='ocrx_word' id='word_1_79' title='bbox 653 1584 703 1646; x_wconf 84' lang='lat'>33,</span> <span class='ocrx_word' id='word_1_80' title='bbox 742 1582 770 1646; x_wconf 88' lang='lat'>7,</span> <span class='ocrx_word' id='word_1_81' title='bbox 805 1567 916 1628; x_wconf 84' lang='lat' dir='ltr'>Haase</span> <span class='ocrx_word' id='word_1_82' title='bbox 945 1567 989 1628; x_wconf 86' lang='lat'>111</span> <span class='ocrx_word' id='word_1_83' title='bbox 1026 1587 1056 1647; x_wconf 88' lang='lat' dir='ltr'>p.</span> <span class='ocrx_word' id='word_1_84' title='bbox 1084 1565 1150 1648; x_wconf 75' lang='lat' dir='ltr'>75l:</span> <span class='ocrx_word' id='word_1_85' title='bbox 1195 1567 1292 1628; x_wconf 87' lang='lat' dir='ltr'>»ideo</span> 
     </span>
     <span class='ocr_line' id='line_1_12' title="bbox 226 1673 1292 1755; baseline 0.001 -20"><span class='ocrx_word' id='word_1_86' title='bbox 226 1675 334 1755; x_wconf 88' lang='lat' dir='ltr'>pueris</span> <span class='ocrx_word' id='word_1_87' title='bbox 368 1676 545 1736; x_wconf 88' lang='lat' dir='ltr'>sententias</span> <span class='ocrx_word' id='word_1_88' title='bbox 578 1675 770 1736; x_wconf 88' lang='lat' dir='ltr'>ediscendas</span> <span class='ocrx_word' id='word_1_89' title='bbox 794 1675 939 1749; x_wconf 64' lang='lat' dir='ltr'>damus»</span> <span class='ocrx_word' id='word_1_90' title='bbox 967 1675 1144 1736; x_wconf 86' lang='lat' dir='ltr'>sententias</span> <span class='ocrx_word' id='word_1_91' title='bbox 1168 1673 1292 1736; x_wconf 87' lang='lat' dir='ltr'>Publilii</span> 
     </span>
     <span class='ocr_line' id='line_1_13' title="bbox 225 1781 1292 1863; baseline 0.001 -20"><span class='ocrx_word' id='word_1_92' title='bbox 225 1781 298 1857; x_wconf 88' lang='lat' dir='ltr'>dici,</span> <span class='ocrx_word' id='word_1_93' title='bbox 324 1782 439 1843; x_wconf 88' lang='lat' dir='ltr'>mirum</span> <span class='ocrx_word' id='word_1_94' title='bbox 464 1783 565 1844; x_wconf 90' lang='lat' dir='ltr'>uideri</span> <span class='ocrx_word' id='word_1_95' title='bbox 589 1802 653 1845; x_wconf 89' lang='lat' dir='ltr'>non</span> <span class='ocrx_word' id='word_1_96' title='bbox 679 1792 788 1862; x_wconf 86' lang='lat' dir='ltr'>potest</span> <span class='ocrx_word' id='word_1_97' title='bbox 812 1782 1003 1856; x_wconf 89' lang='lat' dir='ltr'>Phaedrum,</span> <span class='ocrx_word' id='word_1_98' title='bbox 1029 1802 1128 1863; x_wconf 91' lang='lat' dir='ltr'>quum</span> <span class='ocrx_word' id='word_1_99' title='bbox 1151 1783 1292 1844; x_wconf 88' lang='lat' dir='ltr'>rationes</span> 
     </span>
     <span class='ocr_line' id='line_1_14' title="bbox 226 1887 1292 1970; baseline 0.002 -20"><span class='ocrx_word' id='word_1_100' title='bbox 226 1909 414 1970; x_wconf 89' lang='lat' dir='ltr'>graecorum</span> <span class='ocrx_word' id='word_1_101' title='bbox 451 1892 493 1951; x_wconf 90' lang='lat' dir='ltr'>ad</span> <span class='ocrx_word' id='word_1_102' title='bbox 528 1899 720 1970; x_wconf 87' lang='lat' dir='ltr'>argumenta</span> <span class='ocrx_word' id='word_1_103' title='bbox 749 1910 883 1950; x_wconf 90' lang='lat' dir='ltr'>romana</span> <span class='ocrx_word' id='word_1_104' title='bbox 907 1889 1081 1951; x_wconf 86' lang='lat' dir='ltr'>transferre</span> <span class='ocrx_word' id='word_1_105' title='bbox 1102 1887 1208 1964; x_wconf 91' lang='lat' dir='ltr'>uellet,</span> <span class='ocrx_word' id='word_1_106' title='bbox 1233 1889 1292 1952; x_wconf 90' lang='lat' dir='ltr'>has</span> 
     </span>
     <span class='ocr_line' id='line_1_15' title="bbox 226 1995 1292 2078; baseline 0 -20"><span class='ocrx_word' id='word_1_107' title='bbox 226 1998 430 2077; x_wconf 88' lang='lat' dir='ltr'>potissimum</span> <span class='ocrx_word' id='word_1_108' title='bbox 466 1998 528 2058; x_wconf 91' lang='lat' dir='ltr'>sibi</span> <span class='ocrx_word' id='word_1_109' title='bbox 563 1997 742 2078; x_wconf 88' lang='lat' dir='ltr'>sumpsisse</span> <span class='ocrx_word' id='word_1_110' title='bbox 769 1998 957 2072; x_wconf 79' lang='lat' dir='ltr'>sententiaa,</span> <span class='ocrx_word' id='word_1_111' title='bbox 983 2007 1017 2058; x_wconf 91' lang='lat' dir='ltr'>ut</span> <span class='ocrx_word' id='word_1_112' title='bbox 1042 1995 1158 2058; x_wconf 83' lang='lat' dir='ltr'>sabulis</span> <span class='ocrx_word' id='word_1_113' title='bbox 1181 1996 1292 2077; x_wconf 91' lang='lat' dir='ltr'>ampli·</span> 
     </span>
     <span class='ocr_line' id='line_1_16' title="bbox 226 2103 1291 2184; baseline -0.002 -16"><span class='ocrx_word' id='word_1_114' title='bbox 226 2103 346 2168; x_wconf 88' lang='lat' dir='ltr'>ficaret.</span> <span class='ocrx_word' id='word_1_115' title='bbox 394 2103 575 2166; x_wconf 92' lang='lat' dir='ltr'>Phaedrum</span> <span class='ocrx_word' id='word_1_116' title='bbox 612 2106 643 2165; x_wconf 94' lang='lat' dir='ltr'>in</span> <span class='ocrx_word' id='word_1_117' title='bbox 668 2104 706 2178; x_wconf 96' lang='grc' dir='ltr'>ΙΙ,</span> <span class='ocrx_word' id='word_1_118' title='bbox 735 2119 768 2184; x_wconf 88' lang='lat'>7;·</span> <span class='ocrx_word' id='word_1_119' title='bbox 793 2104 847 2178; x_wconf 94' lang='grc' dir='ltr'>ΙΙΙ,</span> <span class='ocrx_word' id='word_1_120' title='bbox 874 2121 908 2181; x_wconf 84' lang='grc'>2;</span> <span class='ocrx_word' id='word_1_121' title='bbox 933 2104 988 2178; x_wconf 91' lang='grc' dir='ltr'>ΙΙΙ,</span> <span class='ocrx_word' id='word_1_122' title='bbox 1017 2117 1048 2182; x_wconf 84' lang='grc'>5;</span> <span class='ocrx_word' id='word_1_123' title='bbox 1073 2105 1128 2178; x_wconf 89' lang='grc' dir='ltr'>ΙΙΙ,</span> <span class='ocrx_word' id='word_1_124' title='bbox 1159 2119 1210 2180; x_wconf 92' lang='lat'>10;</span> <span class='ocrx_word' id='word_1_125' title='bbox 1235 2104 1291 2178; x_wconf 92' lang='grc' dir='ltr'>ΙΙΙ,</span> 
     </span>
     <span class='ocr_line' id='line_1_17' title="bbox 231 2209 1292 2295; baseline 0.002 -23"><span class='ocrx_word' id='word_1_126' title='bbox 231 2228 282 2289; x_wconf 85' lang='grc'>[3;</span> <span class='ocrx_word' id='word_1_127' title='bbox 307 2211 362 2286; x_wconf 88' lang='grc' dir='ltr'>ΙΙΙ,</span> <span class='ocrx_word' id='word_1_128' title='bbox 394 2225 445 2290; x_wconf 81' lang='lat'>153</span> <span class='ocrx_word' id='word_1_129' title='bbox 471 2211 527 2286; x_wconf 87' lang='lat' dir='ltr'>IV,</span> <span class='ocrx_word' id='word_1_130' title='bbox 554 2228 609 2288; x_wconf 87' lang='lat'>21;</span> <span class='ocrx_word' id='word_1_131' title='bbox 635 2212 725 2292; x_wconf 84' lang='lat' dir='ltr'>App.</span> <span class='ocrx_word' id='word_1_132' title='bbox 740 2211 834 2295; x_wconf 74' lang='lat' dir='ltr'>Vll*)</span> <span class='ocrx_word' id='word_1_133' title='bbox 854 2209 951 2272; x_wconf 89' lang='lat' dir='ltr'>talem</span> <span class='ocrx_word' id='word_1_134' title='bbox 970 2213 1127 2274; x_wconf 91' lang='lat' dir='ltr'>rationem</span> <span class='ocrx_word' id='word_1_135' title='bbox 1143 2221 1292 2274; x_wconf 87' lang='lat' dir='ltr'>secutum</span> 
     </span>
     <span class='ocr_line' id='line_1_18' title="bbox 226 2317 1291 2400; baseline 0.002 -20"><span class='ocrx_word' id='word_1_136' title='bbox 226 2338 297 2380; x_wconf 88' lang='lat' dir='ltr'>esse</span> <span class='ocrx_word' id='word_1_137' title='bbox 320 2339 361 2380; x_wconf 90' lang='lat' dir='ltr'>eo</span> <span class='ocrx_word' id='word_1_138' title='bbox 385 2318 585 2399; x_wconf 85' lang='lat' dir='ltr'>probabilius</span> <span class='ocrx_word' id='word_1_139' title='bbox 610 2320 689 2381; x_wconf 92' lang='lat' dir='ltr'>mihi</span> <span class='ocrx_word' id='word_1_140' title='bbox 712 2320 847 2394; x_wconf 90' lang='lat' dir='ltr'>uidetur,</span> <span class='ocrx_word' id='word_1_141' title='bbox 874 2319 963 2400; x_wconf 90' lang='lat' dir='ltr'>quod</span> <span class='ocrx_word' id='word_1_142' title='bbox 979 2319 1093 2380; x_wconf 91' lang='lat' dir='ltr'>harum</span> <span class='ocrx_word' id='word_1_143' title='bbox 1111 2317 1291 2382; x_wconf 81' lang='lat' dir='ltr'>fabularum</span> 
     </span>
     <span class='ocr_line' id='line_1_19' title="bbox 225 2424 1290 2508; baseline 0.001 -21"><span class='ocrx_word' id='word_1_144' title='bbox 225 2424 344 2488; x_wconf 92' lang='lat' dir='ltr'>nullam</span> <span class='ocrx_word' id='word_1_145' title='bbox 361 2445 466 2506; x_wconf 90' lang='lat' dir='ltr'>neque</span> <span class='ocrx_word' id='word_1_146' title='bbox 482 2427 515 2488; x_wconf 93' lang='lat' dir='ltr'>in</span> <span class='ocrx_word' id='word_1_147' title='bbox 531 2425 775 2488; x_wconf 86' lang='lat' dir='ltr'>collectionibus</span> <span class='ocrx_word' id='word_1_148' title='bbox 792 2428 917 2508; x_wconf 90' lang='lat' dir='ltr'>graecis</span> <span class='ocrx_word' id='word_1_149' title='bbox 934 2424 1113 2488; x_wconf 83' lang='lat' dir='ltr'>fabularum</span> <span class='ocrx_word' id='word_1_150' title='bbox 1130 2436 1290 2488; x_wconf 88' lang='lat' dir='ltr'>seruatam</span> 
     </span>
     <span class='ocr_line' id='line_1_20' title="bbox 226 2531 1290 2623; baseline 0.002 -29"><span class='ocrx_word' id='word_1_151' title='bbox 226 2553 331 2623; x_wconf 88' lang='lat' dir='ltr'>neque</span> <span class='ocrx_word' id='word_1_152' title='bbox 341 2533 383 2594; x_wconf 90' lang='lat' dir='ltr'>ab</span> <span class='ocrx_word' id='word_1_153' title='bbox 394 2531 458 2594; x_wconf 95' lang='lat' dir='ltr'>ullo</span> <span class='ocrx_word' id='word_1_154' title='bbox 469 2544 602 2595; x_wconf 91' lang='lat' dir='ltr'>auctore</span> <span class='ocrx_word' id='word_1_155' title='bbox 611 2535 745 2614; x_wconf 90' lang='lat' dir='ltr'>antiquo</span> <span class='ocrx_word' id='word_1_156' title='bbox 756 2544 1045 2596; x_wconf 89' lang='lat' dir='ltr'>commemoratam</span> <span class='ocrx_word' id='word_1_157' title='bbox 1055 2535 1198 2596; x_wconf 89' lang='lat' dir='ltr'>inuenire</span> <span class='ocrx_word' id='word_1_158' title='bbox 1207 2533 1290 2596; x_wconf 88' lang='lat' dir='ltr'>licet.</span> 
     </span>
     <span class='ocr_line' id='line_1_21' title="bbox 225 2639 1292 2719; baseline 0.002 -17"><span class='ocrx_word' id='word_1_159' title='bbox 225 2639 384 2702; x_wconf 87' lang='lat' dir='ltr'>Fabulam</span> <span class='ocrx_word' id='word_1_160' title='bbox 401 2640 440 2715; x_wconf 93' lang='grc' dir='ltr'>ΙΙ,</span> <span class='ocrx_word' id='word_1_161' title='bbox 460 2656 477 2719; x_wconf 87' lang='grc'><strong><em>7</em></strong></span> <span class='ocrx_word' id='word_1_162' title='bbox 495 2662 513 2702; x_wconf 90' lang='lat' dir='ltr'>e</span> <span class='ocrx_word' id='word_1_163' title='bbox 529 2642 689 2702; x_wconf 89' lang='lat' dir='ltr'>sententia</span> <span class='ocrx_word' id='word_1_164' title='bbox 706 2640 844 2703; x_wconf 91' lang='lat' dir='ltr'>Publilii:</span> <span class='ocrx_word' id='word_1_165' title='bbox 866 2641 1033 2703; x_wconf 75' lang='lat' dir='ltr'>»Excelsis</span> <span class='ocrx_word' id='word_1_166' title='bbox 1049 2639 1151 2703; x_wconf 86' lang='lat' dir='ltr'>multo</span> <span class='ocrx_word' id='word_1_167' title='bbox 1168 2640 1292 2704; x_wconf 83' lang='lat' dir='ltr'>facilius</span> 
     </span>
     <span class='ocr_line' id='line_1_22' title="bbox 225 2747 1291 2829; baseline 0.001 -19"><span class='ocrx_word' id='word_1_168' title='bbox 225 2767 319 2810; x_wconf 87' lang='lat' dir='ltr'>casus</span> <span class='ocrx_word' id='word_1_169' title='bbox 348 2757 462 2808; x_wconf 83' lang='lat' dir='ltr'>nocet»</span> <span class='ocrx_word' id='word_1_170' title='bbox 490 2747 720 2829; x_wconf 89' lang='lat' dir='ltr'>amplificatam</span> <span class='ocrx_word' id='word_1_171' title='bbox 745 2769 817 2810; x_wconf 88' lang='lat' dir='ltr'>esse</span> <span class='ocrx_word' id='word_1_172' title='bbox 841 2769 941 2829; x_wconf 91' lang='lat' dir='ltr'>quum</span> <span class='ocrx_word' id='word_1_173' title='bbox 965 2759 1035 2810; x_wconf 88' lang='lat' dir='ltr'>tota</span> <span class='ocrx_word' id='word_1_174' title='bbox 1058 2750 1199 2811; x_wconf 89' lang='lat' dir='ltr'>narratio</span> <span class='ocrx_word' id='word_1_175' title='bbox 1223 2760 1291 2812; x_wconf 92' lang='lat' dir='ltr'>tum</span> 
     </span>
     <span class='ocr_line' id='line_1_23' title="bbox 225 2854 1291 2936; baseline 0.001 -19"><span class='ocrx_word' id='word_1_176' title='bbox 225 2875 338 2918; x_wconf 85' lang='lat' dir='ltr'>uersus</span> <span class='ocrx_word' id='word_1_177' title='bbox 350 2873 381 2933; x_wconf 90' lang='lat'>4,</span> <span class='ocrx_word' id='word_1_178' title='bbox 396 2877 460 2936; x_wconf 93' lang='lat' dir='ltr'>quo</span> <span class='ocrx_word' id='word_1_179' title='bbox 481 2854 653 2918; x_wconf 72' lang='lat' dir='ltr'>»excelsisr</span> <span class='ocrx_word' id='word_1_180' title='bbox 675 2857 774 2917; x_wconf 90' lang='lat' dir='ltr'>dictio</span> <span class='ocrx_word' id='word_1_181' title='bbox 790 2858 969 2918; x_wconf 85' lang='lat' dir='ltr'>sententiae</span> <span class='ocrx_word' id='word_1_182' title='bbox 986 2856 1168 2931; x_wconf 90' lang='lat' dir='ltr'>illustratur,</span> <span class='ocrx_word' id='word_1_183' title='bbox 1182 2867 1214 2918; x_wconf 91' lang='lat' dir='ltr'>et</span> <span class='ocrx_word' id='word_1_184' title='bbox 1227 2858 1291 2936; x_wconf 90' lang='lat' dir='ltr'>epi·</span> 
     </span>
     <span class='ocr_line' id='line_1_24' title="bbox 226 2962 1292 3044; baseline 0.001 -19"><span class='ocrx_word' id='word_1_185' title='bbox 226 2964 399 3042; x_wconf 84' lang='lat' dir='ltr'>mythium:</span> <span class='ocrx_word' id='word_1_186' title='bbox 444 2963 605 3044; x_wconf 72' lang='lat' dir='ltr'>»Magnae</span> <span class='ocrx_word' id='word_1_187' title='bbox 640 2962 778 3043; x_wconf 83' lang='lat' dir='ltr'>periclo</span> <span class='ocrx_word' id='word_1_188' title='bbox 795 2973 870 3026; x_wconf 89' lang='lat' dir='ltr'>sunt</span> <span class='ocrx_word' id='word_1_189' title='bbox 898 2983 979 3044; x_wconf 89' lang='lat' dir='ltr'>opes</span> <span class='ocrx_word' id='word_1_190' title='bbox 1003 2964 1185 3026; x_wconf 81' lang='lat' dir='ltr'>obnoxiae»</span> <span class='ocrx_word' id='word_1_191' title='bbox 1213 2965 1292 3026; x_wconf 85' lang='lat' dir='ltr'>satis</span> 
     </span>
     <span class='ocr_line' id='line_1_25' title="bbox 225 3069 1292 3152; baseline 0 -20"><span class='ocrx_word' id='word_1_192' title='bbox 225 3071 451 3150; x_wconf 89' lang='lat' dir='ltr'>comprobant.</span> <span class='ocrx_word' id='word_1_193' title='bbox 498 3069 641 3132; x_wconf 89' lang='lat' dir='ltr'>Fabulae</span> <span class='ocrx_word' id='word_1_194' title='bbox 677 3071 730 3144; x_wconf 92' lang='grc' dir='ltr'>ΙΙΙ,</span> <span class='ocrx_word' id='word_1_195' title='bbox 769 3088 797 3146; x_wconf 90' lang='lat'>2,</span> <span class='ocrx_word' id='word_1_196' title='bbox 833 3082 988 3152; x_wconf 89' lang='lat' dir='ltr'>quaeest</span> <span class='ocrx_word' id='word_1_197' title='bbox 1012 3073 1053 3132; x_wconf 93' lang='lat' dir='ltr'>de</span> <span class='ocrx_word' id='word_1_198' title='bbox 1077 3070 1235 3151; x_wconf 84' lang='lat' dir='ltr'>panthera</span> <span class='ocrx_word' id='word_1_199' title='bbox 1259 3081 1292 3132; x_wconf 90' lang='lat' dir='ltr'>et</span> 
     </span>
     <span class='ocr_line' id='line_1_26' title="bbox 224 3178 1292 3259; baseline 0 -19"><span class='ocrx_word' id='word_1_200' title='bbox 224 3179 419 3259; x_wconf 67' lang='lat' dir='ltr'>pastoribus</span> <span class='ocrx_word' id='word_1_201' title='bbox 455 3178 600 3242; x_wconf 87' lang='lat' dir='ltr'>subiecta</span> <span class='ocrx_word' id='word_1_202' title='bbox 626 3189 697 3239; x_wconf 90' lang='lat' dir='ltr'>esse</span> <span class='ocrx_word' id='word_1_203' title='bbox 721 3188 830 3258; x_wconf 90' lang='lat' dir='ltr'>potest</span> <span class='ocrx_word' id='word_1_204' title='bbox 853 3180 1028 3241; x_wconf 87' lang='lat' dir='ltr'>sententia:</span> <span class='ocrx_word' id='word_1_205' title='bbox 1070 3178 1210 3252; x_wconf 67' lang='lat' dir='ltr'>»Homo³</span> <span class='ocrx_word' id='word_1_206' title='bbox 1236 3179 1292 3258; x_wconf 93' lang='lat' dir='ltr'>qui</span> 
     </span>
     <span class='ocr_line' id='line_1_27' title="bbox 225 3285 1291 3361; baseline 0 -13"><span class='ocrx_word' id='word_1_207' title='bbox 225 3287 257 3348; x_wconf 92' lang='lat' dir='ltr'>in</span> <span class='ocrx_word' id='word_1_208' title='bbox 281 3286 412 3348; x_wconf 91' lang='lat' dir='ltr'>homine</span> <span class='ocrx_word' id='word_1_209' title='bbox 436 3285 626 3346; x_wconf 89' lang='lat' dir='ltr'>calamitoso</span> <span class='ocrx_word' id='word_1_210' title='bbox 644 3297 693 3347; x_wconf 88' lang='lat' dir='ltr'>est</span> <span class='ocrx_word' id='word_1_211' title='bbox 710 3287 900 3361; x_wconf 68' lang='lat' dir='ltr'>misericors</span> <span class='ocrx_word' id='word_1_212' title='bbox 919 3287 1064 3348; x_wconf 86' lang='lat' dir='ltr'>meminit</span> <span class='ocrx_word' id='word_1_213' title='bbox 1080 3287 1163 3348; x_wconf 74' lang='lat' dir='ltr'>sub.-</span> <span class='ocrx_word' id='word_1_214' title='bbox 1188 3285 1291 3348; x_wconf 89' lang='lat' dir='ltr'>Fabu-</span> 
     </span>
     <span class='ocr_line' id='line_1_28' title="bbox 224 3392 1291 3477; baseline 0 -23"><span class='ocrx_word' id='word_1_215' title='bbox 224 3392 274 3454; x_wconf 88' lang='lat' dir='ltr'>lae</span> <span class='ocrx_word' id='word_1_216' title='bbox 308 3393 363 3468; x_wconf 90' lang='grc' dir='ltr'>ΙΙΙ,</span> <span class='ocrx_word' id='word_1_217' title='bbox 396 3406 410 3470; x_wconf 85' lang='lat'>5</span> <span class='ocrx_word' id='word_1_218' title='bbox 437 3395 507 3473; x_wconf 89' lang='lat' dir='ltr'>ipse</span> <span class='ocrx_word' id='word_1_219' title='bbox 531 3393 695 3455; x_wconf 90' lang='lat' dir='ltr'>Phaedrus</span> <span class='ocrx_word' id='word_1_220' title='bbox 719 3394 939 3473; x_wconf 87' lang='lat' dir='ltr'>promythium</span> <span class='ocrx_word' id='word_1_221' title='bbox 964 3393 1124 3477; x_wconf 89' lang='lat' dir='ltr'>(Havetus</span> <span class='ocrx_word' id='word_1_222' title='bbox 1148 3393 1291 3455; x_wconf 91' lang='lat' dir='ltr'>animad-</span> 
     </span>
     <span class='ocr_line' id='line_1_29' title="bbox 225 3500 1290 3582; baseline 0 -20"><span class='ocrx_word' id='word_1_223' title='bbox 225 3502 319 3562; x_wconf 88' lang='lat' dir='ltr'>uertit</span> <span class='ocrx_word' id='word_1_224' title='bbox 351 3500 384 3562; x_wconf 94' lang='lat' dir='ltr'>id</span> <span class='ocrx_word' id='word_1_225' title='bbox 409 3521 481 3562; x_wconf 92' lang='lat' dir='ltr'>cum</span> <span class='ocrx_word' id='word_1_226' title='bbox 505 3502 693 3582; x_wconf 91' lang='lat' dir='ltr'>promythio</span> <span class='ocrx_word' id='word_1_227' title='bbox 718 3501 782 3562; x_wconf 85' lang='lat' dir='ltr'>fab.</span> <span class='ocrx_word' id='word_1_228' title='bbox 808 3502 831 3575; x_wconf 92' lang='grc' dir='ltr'>Ι,</span> <span class='ocrx_word' id='word_1_229' title='bbox 858 3518 900 3564; x_wconf 88' lang='lat'>20</span> <span class='ocrx_word' id='word_1_230' title='bbox 924 3512 956 3562; x_wconf 86' lang='lat' dir='ltr'>et</span> <span class='ocrx_word' id='word_1_231' title='bbox 981 3522 1073 3563; x_wconf 90' lang='lat' dir='ltr'>uersu</span> <span class='ocrx_word' id='word_1_232' title='bbox 1100 3518 1117 3580; x_wconf 86' lang='lat'>3</span> <span class='ocrx_word' id='word_1_233' title='bbox 1142 3501 1207 3563; x_wconf 87' lang='lat' dir='ltr'>sab.</span> <span class='ocrx_word' id='word_1_234' title='bbox 1233 3501 1290 3574; x_wconf 86' lang='lat' dir='ltr'>IV,</span> 
     </span>
     <span class='ocr_line' id='line_1_30' title="bbox 229 3607 1291 3689; baseline 0.001 -20"><span class='ocrx_word' id='word_1_235' title='bbox 229 3625 265 3687; x_wconf 84' lang='lat'>13</span> <span class='ocrx_word' id='word_1_236' title='bbox 291 3610 370 3669; x_wconf 92' lang='lat' dir='ltr'>mire</span> <span class='ocrx_word' id='word_1_237' title='bbox 393 3628 581 3689; x_wconf 87' lang='lat' dir='ltr'>congruere,</span> <span class='ocrx_word' id='word_1_238' title='bbox 607 3609 693 3670; x_wconf 92' lang='lat' dir='ltr'>unde</span> <span class='ocrx_word' id='word_1_239' title='bbox 717 3607 869 3689; x_wconf 86' lang='lat' dir='ltr'>colligere</span> <span class='ocrx_word' id='word_1_240' title='bbox 892 3608 966 3671; x_wconf 91' lang='lat' dir='ltr'>licet</span> <span class='ocrx_word' id='word_1_241' title='bbox 989 3610 1183 3671; x_wconf 89' lang='lat' dir='ltr'>sententiam</span> <span class='ocrx_word' id='word_1_242' title='bbox 1205 3607 1291 3670; x_wconf 91' lang='lat' dir='ltr'>illam</span> 
     </span>
     <span class='ocr_line' id='line_1_31' title="bbox 225 3714 1290 3800; baseline 0.001 -24"><span class='ocrx_word' id='word_1_243' title='bbox 225 3715 372 3778; x_wconf 88' lang='lat' dir='ltr'>Phaedro</span> <span class='ocrx_word' id='word_1_244' title='bbox 396 3717 427 3777; x_wconf 92' lang='lat' dir='ltr'>in</span> <span class='ocrx_word' id='word_1_245' title='bbox 452 3715 574 3778; x_wconf 88' lang='lat' dir='ltr'>deliciis</span> <span class='ocrx_word' id='word_1_246' title='bbox 598 3714 707 3800; x_wconf 88' lang='lat' dir='ltr'>fuisse)</span> <span class='ocrx_word' id='word_1_247' title='bbox 731 3718 928 3797; x_wconf 86' lang='lat' dir='ltr'>praeposuit,</span> <span class='ocrx_word' id='word_1_248' title='bbox 948 3719 990 3778; x_wconf 93' lang='lat' dir='ltr'>ad</span> <span class='ocrx_word' id='word_1_249' title='bbox 1006 3717 1095 3797; x_wconf 93' lang='lat' dir='ltr'>quod</span> <span class='ocrx_word' id='word_1_250' title='bbox 1112 3717 1189 3798; x_wconf 91' lang='lat' dir='ltr'>quin</span> <span class='ocrx_word' id='word_1_251' title='bbox 1206 3736 1290 3778; x_wconf 92' lang='lat' dir='ltr'>com·</span> 
     </span>
     <span class='ocr_line' id='line_1_32' title="bbox 225 3823 1291 3904; baseline 0.002 -20"><span class='ocrx_word' id='word_1_252' title='bbox 225 3824 332 3904; x_wconf 89' lang='lat' dir='ltr'>posita</span> <span class='ocrx_word' id='word_1_253' title='bbox 366 3825 407 3884; x_wconf 88' lang='lat' dir='ltr'>sit</span> <span class='ocrx_word' id='word_1_254' title='bbox 435 3843 508 3886; x_wconf 27' lang='lat' dir='ltr'>‘non</span> <span class='ocrx_word' id='word_1_255' title='bbox 544 3823 758 3885; x_wconf 90' lang='lat' dir='ltr'>dubitandum</span> <span class='ocrx_word' id='word_1_256' title='bbox 779 3845 866 3904; x_wconf 88' lang='lat' dir='ltr'>esse</span> <span class='ocrx_word' id='word_1_257' title='bbox 900 3826 1034 3886; x_wconf 91' lang='lat' dir='ltr'>uidetur.</span> <span class='ocrx_word' id='word_1_258' title='bbox 1088 3823 1291 3886; x_wconf 83' lang='lat' dir='ltr'>Sententiam</span> 
     </span>
     <span class='ocr_line' id='line_1_33' title="bbox 225 3928 1291 4012; baseline 0.001 -21"><span class='ocrx_word' id='word_1_259' title='bbox 225 3928 445 4004; x_wconf 91' lang='lat' dir='ltr'>Publilianam,</span> <span class='ocrx_word' id='word_1_260' title='bbox 482 3933 565 4010; x_wconf 89' lang='lat' dir='ltr'>quae</span> <span class='ocrx_word' id='word_1_261' title='bbox 599 3931 641 3992; x_wconf 93' lang='lat' dir='ltr'>ad</span> <span class='ocrx_word' id='word_1_262' title='bbox 678 3951 807 3994; x_wconf 91' lang='lat' dir='ltr'>uersum</span> <span class='ocrx_word' id='word_1_263' title='bbox 843 3931 980 3994; x_wconf 90' lang='lat' dir='ltr'>Phaedri</span> <span class='ocrx_word' id='word_1_264' title='bbox 1016 3951 1113 4012; x_wconf 92' lang='lat' dir='ltr'>quam</span> <span class='ocrx_word' id='word_1_265' title='bbox 1143 3932 1291 4011; x_wconf 88' lang='lat' dir='ltr'>proxime</span> 
     </span>
     <span class='ocr_line' id='line_1_34' title="bbox 223 4023 1373 4119; baseline 0 -21"><span class='ocrx_word' id='word_1_266' title='bbox 223 4039 359 4110; x_wconf 88' lang='lat' dir='ltr'>accedit,</span> <span class='ocrx_word' id='word_1_267' title='bbox 396 4038 503 4098; x_wconf 91' lang='lat' dir='ltr'>inueni</span> <span class='ocrx_word' id='word_1_268' title='bbox 536 4038 633 4099; x_wconf 86' lang='lat' dir='ltr'>hanc:</span> <span class='ocrx_word' id='word_1_269' title='bbox 684 4037 777 4100; x_wconf 84' lang='lat' dir='ltr'>»Cito</span> <span class='ocrx_word' id='word_1_270' title='bbox 802 4039 1024 4119; x_wconf 91' lang='lat' dir='ltr'>improborum</span> <span class='ocrx_word' id='word_1_271' title='bbox 1049 4037 1133 4100; x_wconf 89' lang='lat' dir='ltr'>laeta</span> <span class='ocrx_word' id='word_1_272' title='bbox 1157 4039 1198 4102; x_wconf 92' lang='lat' dir='ltr'>ad</span> <span class='ocrx_word' id='word_1_273' title='bbox 1224 4043 1290 4117; x_wconf 88' lang='lat' dir='ltr'>per·</span> <span class='ocrx_word' id='word_1_274' title='bbox 1371 4023 1373 4027; x_wconf 42' lang='grc'>’</span> 
     </span>
    </p>
   </div>
   <div class='ocr_carea' id='block_1_3' title="bbox 331 4175 1005 4246">
    <p class='ocr_par' dir='ltr' id='par_1_3' title="bbox 331 4175 1005 4246">
     <span class='ocr_line' id='line_1_35' title="bbox 331 4175 1005 4246; baseline 0 -15"><span class='ocrx_word' id='word_1_275' title='bbox 331 4179 360 4246; x_wconf 62' lang='lat'>⁴⁶)</span> <span class='ocrx_word' id='word_1_276' title='bbox 383 4183 527 4231; x_wconf 78' lang='lat' dir='ltr'>Erlilionem</span> <span class='ocrx_word' id='word_1_277' title='bbox 544 4175 640 4233; x_wconf 42' lang='lat' dir='ltr'>&#39;llaveti</span> <span class='ocrx_word' id='word_1_278' title='bbox 661 4183 709 4232; x_wconf 89' lang='lat' dir='ltr'>hoc</span> <span class='ocrx_word' id='word_1_279' title='bbox 730 4185 787 4232; x_wconf 88' lang='lat' dir='ltr'>loco</span> <span class='ocrx_word' id='word_1_280' title='bbox 807 4195 907 4233; x_wconf 84' lang='lat' dir='ltr'>secutus</span> <span class='ocrx_word' id='word_1_281' title='bbox 927 4202 1005 4234; x_wconf 59' lang='lat' dir='ltr'>suin„</span> 
     </span>
    </p>
   </div>
   <div class='ocr_carea' id='block_1_4' title="bbox 0 0 1634 4882">
    <p class='ocr_par' dir='ltr' id='par_1_4' title="bbox 0 0 1634 4882">
     <span class='ocr_line' id='line_1_36' title="bbox 0 0 1634 4882; baseline 0 0"><span class='ocrx_word' id='word_1_282' title='bbox 0 0 1634 4882; x_wconf 95' lang='lat' dir='ltr'> </span> 
     </span>
    </p>
   </div>
  </div>
 </body>
</html>
