3244 4868
778 346 973 428 ’ψη-ἔ

329 585 507 666 posteriore
543 594 690 663 tempore
726 583 758 644 in
789 581 998 645 collectiones
1024 581 1203 644 fabularum
1229 579 1395 660 Aesopea·

329 713 397 754 rum
434 700 582 772 receptas
617 709 688 751 esse
712 689 809 752 docet
834 691 1035 752 narrationes
1059 709 1173 762 meras
1200 707 1283 769 quae
1307 702 1410 767 prae-⁴

328 808 425 880 cepto
449 797 503 859 illo
528 795 641 859 morali
665 805 813 858 carentes
836 797 879 858 ad
903 796 1151 859 delectationem
1168 793 1272 856 solam
1289 794 1394 875 legen-

328 907 406 968 tium
443 905 649 986 pertinerent.
698 902 802 966 Multo
838 905 935 965 etiam
972 905 1150 985 posteriore
1184 913 1332 983 tempore
1363 903 1395 963 in

328 1011 537 1074 collectiones
580 1009 759 1074 fabularum
795 1011 1021 1094 Aesopearum
1058 1011 1223 1093 irrepsisse
1259 1008 1393 1084 fabulas,
1461 1039 1463 1044 ·

328 1140 411 1201 quae
447 1139 547 1200 quum
583 1119 783 1180 narrationes
819 1117 890 1180 illae
925 1138 1023 1200 supra
1047 1128 1321 1180 commemoratae
1344 1136 1395 1178 res

328 1225 490 1288 mirabiles
514 1237 546 1288 et
571 1224 717 1288 insolitas
742 1226 832 1287 uitae,
851 1224 1037 1287 animalium
1061 1237 1094 1286 et
1117 1224 1300 1306 plantarum
1316 1225 1394 1286 satis

328 1332 498 1414 diligenter
521 1342 554 1394 et
574 1337 727 1394 'accurate
751 1331 1013 1413 explicauissent,
1039 1333 1129 1413 ipsae
1154 1329 1239 1393 nulla
1256 1329 1393 1412 explica·

327 1423 417 1503 tione
453 1441 498 1502 rei
533 1440 663 1521 prodita
695 1441 737 1501 de
772 1439 924 1502 omnibus
955 1438 1020 1502 sere
1044 1439 1194 1520 prodigia
1219 1448 1392 1501 narrarent.

327 1547 384 1610 Ad
419 1547 585 1610 historiam
616 1545 799 1609 'naturalem
837 1545 1026 1628 plerumque
1050 1548 1209 1625 pertinere
1234 1547 1392 1608 uidentur.

216 1722 219 1726 ,
328 1655 405 1716 Eius
440 1655 568 1735 generis
603 1653 731 1716 fabulae
766 1665 841 1716 sunt
877 1654 1013 1716 Phaedri
1037 1655 1061 1727 Ι,
1088 1668 1126 1733 25
1153 1663 1185 1716 et
1209 1653 1316 1715 Babrii
1346 1671 1392 1730 14.

328 1762 591 1834 Vetustissimum
627 1759 704 1822 illud
739 1774 1004 1842 argumentorum
1038 1781 1141 1842 genus
1176 1761 1263 1822 haud
1296 1761 1394 1823 dubie

328 1869 503 1949 respiciunt
526 1889 637 1930 uersus
662 1867 704 1930 illi
729 1869 887 1949 prooemii
911 1869 1036 1949 prioris,
1062 1868 1179 1950 quibus
1202 1875 1300 1948 poeta
1317 1868 1394 1930 dicit

327 1976 396 2039 sora
430 1974 617 2038 animalium
652 1995 801 2038 sermone
838 1976 1058 2056 praeditorum
1095 1975 1209 2037 mediis
1245 1977 1276 2037 in
1306 1974 1394 2038 siluis

326 2103 398 2144 esse
432 2082 492 2144 hac
517 2083 641 2144 ratione
665 2083 756 2164 quasi
780 2084 968 2165 exprimens
991 2092 1139 2144 naturam
1164 2081 1292 2145 fabulae
1316 2084 1394 2146 anti·

327 2190 503 2270 quissimae
534 2189 721 2270 Aesopeae‚
746 2210 811 2270 qua
835 2189 1022 2252 animalium
1046 2189 1139 2251 sactis
1163 2201 1218 2252 aut
1241 2190 1336 2252 dictis
1361 2210 1393 2251 re

326 2317 404 2358 uera
439 2297 606 2359 hominum
636 2317 744 2360 mores
768 2297 1043 2359 describebantur.
1093 2296 1175 2360 Cum
1199 2297 1262 2359 hoc
1284 2297 1394 2359 Babrii

326 2403 368 2465 de
393 2403 470 2465 foris
493 2403 679 2466 animalium
705 2403 794 2465 dicto
811 2404 897 2466 haud
915 2408 1131 2484 spernendam
1149 2403 1391 2469 similitudinem

288 2537 290 2544 >
326 2510 461 2590 praebet
485 2509 667 2573 Philostrati
693 2511 804 2573 maior.
830 2511 883 2574 im.
902 2512 925 2586 l,
945 2528 961 2590 3
981 2515 1091 2592 (quem
1108 2490 1214 2574 locum
1231 2533 1272 2574 ex
1290 2512 1393 2574 Haus-
1436 2548 1439 2552 ,

327 2617 421 2686 rathii
462 2619 738 2680 commentatione
773 2639 848 2700 pag.
887 2621 950 2698 308
976 2632 1019 2681 et
1053 2619 1216 2682 Schwabii
1249 2619 1393 2682 editione

327 2723 538 2800 Phaedriam,
575 2725 589 2786 I
612 2745 690 2805 pag.
715 2724 825 2787 XVlll
850 2727 1015 2806 cognoui),
1040 2727 1094 2789 ubi
1118 2728 1160 2788 de
1184 2725 1294 2790 tabula
1318 2747 1392 2807 qua·

325 2831 402 2892 dam
449 2831 529 2893 haec
569 2831 633 2894 lere
672 2815 834 2912 leguntur:
879 2831 1001 2912 »dupio
1038 2833 1107 2913 γὰρ
1144 2833 1392 2918 συμβάλλουσα
1433 2917 1435 2922 ι

326 2929 522 3016 ἀνθρώποις
576 2937 763 3018 περιίστηαι
818 2942 875 3019 (sc.
931 2939 950 3018 ἡ
1003 2938 1133 3021 γραφή)
1189 2937 1295 3019 χορὸν
1346 2942 1391 3022 τῷ

325 3042 474 3128 Αἰσώπῳ
530 3043 598 3107 ἀπὸ
656 3047 716 3125 τῆς
761 3045 906 3109 ’ἐκείνου
966 3049 1094 3127 σκηνῆς
1151 3048 1390 3130 συμπλάσασα·

323 3149 499 3232 κορυφαῖα
538 3148 578 3214 δὲ
615 3154 676 3214 τοῦ
711 3155 818 3233 χοροῦ
843 3153 863 3232 ἡ
888 3153 1026 3241 ἀλώπηξ
1049 3153 1266 3234 perpaucos»
1295 3175 1390 3236 quern

324 3259 367 3320 ad
410 3257 516 3321 locum
557 3261 681 3324 monuit
721 3261 935 3324 Hausrathius
974 3263 1115 3343 imagine
1154 3263 1222 3324 eius
1261 3261 1392 3325 tabulae

326 3365 458 3446 uulpem
483 3353 672 3448 magistram
696 3368 786 3430 chori
810 3369 934 3444 induci-3
961 3369 993 3430 id
1017 3380 1126 3432 autem
1151 3369 1302 3432 indicium
1321 3390 1392 3432 esse

279 3540 281 3544 f
323 3473 539 3554 antiquissimi
563 3472 646 3536 illius
669 3476 797 3556 generis
822 3475 949 3540 fabulae
973 3476 1158 3558 Aesopeae.
1204 3475 1391 3540 Secundum

324 3580 438 3642 harum
475 3579 652 3644 fabularum
690 3581 796 3646 locum
832 3584 918 3645 haud
954 3583 1051 3645 dubie
1086 3602 1106 3645 a
1137 3583 1214 3664 lupo
1238 3586 1391 3664 occupari
1472 3641 1475 3646 .

327 3697 414 3750 recte
438 3689 668 3752 animaduertit
692 3689 890 3754 Schwabius.
939 3690 984 3766 Vt
1008 3711 1138 3753 uersum
1156 3692 1314 3772 prooemii
1332 3691 1390 3754 Ι.8

323 3795 365 3857 de
389 3797 609 3860 uetustissimo
633 3819 762 3880 genere,
788 3799 833 3861 ita
856 3799 1002 3862 eiusdem
1027 3799 1186 3879 prooemii
1203 3819 1329 3862 uersum
1353 3817 1389 3878 13

323 3903 364 3964 de
401 3904 638 3968 narrationibus
674 3904 733 3968 illis
766 3907 932 3988 Aesopeis
955 3907 998 3968 ab
1022 3905 1221 3968 Hausrathio
1243 3908 1389 3969 secundo

322 4009 396 4072 loco
428 4011 542 4091 positis
576 4011 821 4094 intelligendum
846 4033 918 4076 esse
941 4014 982 4075 ad
1008 4013 1234 4076 coniciendum
1259 4013 1392 4077 inclinat

321 4118 457 4182 animus
506 4119 556 4184 De
580 4121 675 4186 tertio
700 4119 753 4186 illo
778 4141 896 4204 genere
921 4121 951 4182 in
977 4122 1144 4204 prooemio
1169 4122 1287 4212 desunt
1303 4123 1389 4192 testi-
