3260 4882
745 451 787 458 --
817 415 874 491 ¹43
901 449 942 458 ..

311 607 372 686 dos
407 627 487 687 sumi
523 627 668 706 potuisse
692 628 767 687 inde
791 628 886 688 etiam
912 625 1108 706 intelligitur,
1135 629 1222 707 quod
1248 636 1378 687 auctore

311 732 441 794 Rohdio
479 731 618 813 (Griech.
657 733 751 794 Rom.
784 753 814 814 p.
843 733 906 812 336
930 735 1004 794 adn.
1036 732 1062 817 1)
1087 733 1145 794 uiri
1170 734 1238 794 eius
1262 734 1378 795 aetatis
1462 755 1464 758 ·

311 841 398 902 docti
422 840 510 902 haud
535 841 758 920 pauci'rerum
783 841 974 920 scriptorum
1000 861 1117 902 munus
1141 842 1183 902 ad
1207 847 1376 920 poetarum

311 948 460 1027 proxime
495 949 650 1009 accedere
675 959 878 1022 censuerunt,
910 958 943 1009 ut
968 947 1131 1028 Agathias
1154 957 1237 1008 teste
1261 948 1376 1008 eodem

311 1055 496 1117 uirodocto
513 1053 626 1116 habet:
649 1055 709 1115 »οὐ
726 1053 844 1133 πόρῥω
861 1055 1018 1134 τετάχθαι
1032 1051 1184 1133 ἱστορίαν
1195 1057 1376 1133 ποιητικῆς,

201 1232 205 1239 Ι
311 1160 400 1222 ἀλλὰ
423 1163 523 1243 ἄμφω
547 1163 653 1223 ταῦτα
677 1161 762 1223 εῖναι
786 1159 922 1268 &Quid
944 1160 1000 1224 καὶ
1025 1159 1185 1243 ὁμόφυλα
1207 1160 1263 1222 καὶ
1287 1160 1377 1244 μόνῳ

311 1267 393 1345 ἴσως
404 1270 449 1350 τῷ
460 1268 568 1350 μέτρῳ
580 1268 735 1347 ἀλλήλων
746 1268 995 1351 ἀποκεκριμένα
1001 1296 1026 1329 »,
1046 1267 1148 1331 Multa
1158 1279 1264 1330 autem
1279 1270 1376 1332 etiam

310 1396 351 1436 ex
377 1377 491 1455 po'etis,
517 1377 648 1456 tragicis
674 1378 846 1456 praecipue
871 1377 938 1456 peti
962 1376 1107 1456 potuisse
1131 1396 1170 1438 ea
1194 1397 1235 1437 cx
1261 1395 1293 1437 re
1315 1374 1376 1437 col·

310 1482 474 1562 ligendum
511 1493 569 1557 est,
606 1485 694 1563 quod
730 1493 861 1545 auctore
897 1483 1027 1544 Rohdio
1063 1481 1094 1562 (l.
1133 1482 1150 1544 l.
1189 1502 1264 1562 pag.
1301 1483 1377 1561 333)

310 1591 425 1650 studiis
450 1589 616 1668 Aeschyli,
643 1589 825 1670 Sophoclis
852 1591 1015 1671 Euripidis
1038 1579 1130 1651 adeo
1146 1589 1378 1651 incumbebant

311 1697 455 1758 rhetores
491 1698 695 1777 posteriores,
733 1709 767 1758 ut
794 1696 963 1775 tragoedia
991 1707 1112 1758 »mater
1136 1697 1373 1776 sophistarum»

215 1876 218 1881 Ι
311 1803 535 1884 appellaretur.
574 1803 688 1884 Neque
705 1823 830 1865 reuera
847 1824 919 1865 cum
938 1803 1051 1866 Crusio
1069 1803 1204 1884 (encycl.
1224 1803 1375 1864 Wissow.

311 1911 407 1993 2664)
446 1912 540 1972 nobis
575 1911 733 1972 eleuanda
768 1921 852 1984 sunt,
890 1931 973 1990 quae
1004 1909 1114 1972 Keller
1138 1909 1169 1990 (l.
1195 1910 1213 1972 l.
1241 1931 1271 1990 p.
1298 1913 1376 1988 402)

310 2021 351 2079 de
387 2018 504 2079 Babrio
529 2019 723 2097 tragicorum
750 2017 910 2079 imitatore
935 2018 1120 2098 disputauit.
1170 2016 1274 2080 Multo
1299 2037 1376 2098 pau·

310 2127 397 2186 ciora
431 2145 448 2186 e
485 2124 704 2205 philosophis'
726 2135 760 2186 ut
784 2125 838 2204 qui
863 2125 1026 2186 rhetorum
1051 2126 1154 2205 gratia
1178 2124 1376 2186 excidissent

309 2231 361 2311 (cl.
398 2233 502 2294 Rohd.
531 2230 549 2292 l.
575 2231 593 2292 l.
621 2253 651 2312 p.
679 2235 764 2310 320),
791 2241 921 2312 sumpta
945 2251 1016 2293 esse
1032 2233 1190 2293 uidentur.
1224 2231 1375 2291 Babrium
1447 2263 1449 2266 ·

309 2339 435 2400 fabulas
470 2339 533 2399 hoc
567 2340 668 2400 modo
704 2341 745 2400 ad
781 2340 901 2418 scripta
936 2349 1081 2400 ueterum
1119 2339 1303 2399 referendas
1334 2357 1400 2410 ex¹

309 2445 465 2526 florilegio
501 2466 519 2506 a
555 2446 683 2507 rhetore
718 2449 827 2507 nescio
859 2465 923 2526 quo
947 2447 1132 2526 composito
1156 2447 1220 2507 iam
1246 2454 1376 2525 paratas

310 2555 464 2633 petiuisse
488 2552 620 2615 Crusius
645 2553 662 2614 l.
681 2551 699 2613 l.
718 2553 805 2614 haud
822 2552 921 2614 dubie
938 2553 979 2614 de
996 2552 1158 2614 nonnullis
1175 2552 1375 2632 argumentis

309 2672 395 2734 recte
429 2661 550 2735 statuit,
587 2659 668 2722 aliae
704 2671 809 2721 autem
841 2661 916 2740 quin
941 2679 983 2720 ex
1008 2661 1233 2721 recordatione
1256 2666 1375 2740 poetae

308 2769 408 2847 ipsius
444 2765 588 2829 locorum
626 2778 792 2829 auctorum
824 2777 969 2830 ueterum
994 2767 1046 2845 (cl.
1072 2767 1198 2828 Theon.
1225 2766 1317 2827 W.·l
1342 2786 1372 2845 p.

313 2876 382 2953 178,
401 2875 453 2935 ubi
472 2874 621 2954 discipuli
638 2875 799 2937 rhetorum
814 2875 963 2935 dicuntur
981 2875 1131 2934 »πολλῶν
1144 2872 1375 2955 ἐμπεπλῆσθαι

308 2979 431 3061 μύθων,
457 2979 538 3056 τοὺς
562 2979 622 3062 μὲν
646 2982 685 3042 ἐκ
708 2983 774 3042 τῶν
789 2982 941 3042 παλαιῶν
958 2981 1231 3062 συγγραμμάτων
1247 2981 1374 3058 ἀνειλη-

308 3087 421 3168 φότες,
457 3086 539 3164 τοὺς
572 3086 612 3155 ,δε
631 3140 635 3150 .
657 3139 661 3150 .
683 3091 724 3168 ,1)
760 3088 910 3150 fluxerint
946 3099 1078 3168 propter
1102 3087 1237 3161 sabula-a,
1264 3086 1374 3168 quales

307 3206 381 3257 sunt
405 3196 457 3272 46,
488 3209 557 3274 135,
583 3196 673 3270 aliae,
699 3196 838 3257 dubitari
862 3216 927 3256 non
945 3207 1063 3276 potest.
1102 3194 1267 3256 Nonnulla
1283 3215 1373 3274 argu-

308 3314 417 3364 menta
440 3304 538 3364 etiam
564 3323 603 3364 eo
628 3303 727 3364 modo
752 3314 822 3364 orta
847 3321 918 3363 esse
942 3304 1101 3376 uidentur,
1127 3313 1162 3364 ut
1180 3310 1278 3382 po'eta
1294 3321 1373 3363 ansa
1465 3303 1468 3308 '

307 3430 326 3471 a
370 3410 443 3470 loco
487 3411 594 3490 aliquo
640 3411 780 3471 auctoris
824 3411 941 3470 ueteris
987 3421 1084 3489 capta
1121 3408 1216 3489 plane
1252 3429 1372 3470 nouam

308 3517 478 3596 refingeret
502 3519 729 3579 narrationem.

416 3625 459 3686 Vt
498 3625 539 3686 ab
575 3626 612 3685 iis
648 3625 817 3704 incipiatur
852 3626 1060 3704 argumentis,
1098 3643 1180 3704 quae
1215 3643 1233 3684 e
1269 3643 1379 3684 rerum·

306 3733 518 3812 scriptoribus
553 3743 683 3811 sumpta
715 3741 798 3806 sunt,
825 3731 957 3793 Crusius
982 3734 1012 3792 in
1038 3733 1180 3793 editione
1204 3734 1293 3811 (pag.
1324 3732 1371 3805 16,

306 3840 358 3912 61,
397 3841 450 3917 89)
487 3840 611 3900 monuit
636 3838 729 3899 Babr.
764 3855 850 3916 9ex
876 3839 1035 3900 Herodoti
1061 3839 1084 3911 Ι,
1114 3856 1183 3915 141,
1209 3839 1303 3899 liabr.
1331 3853 1373 3917 70

307 3966 348 4006 ex
384 3946 603 4026 Theopompo
640 3946 674 4006 sr.
711 3962 769 4023 139
794 3947 841 4024 (F.
869 3946 910 4006 H.
937 3945 975 4007 G.
1003 3946 1013 4006 l
1040 3966 1070 4025 p.
1099 3944 1182 4026 302),
1209 3945 1303 4006 Bnbr.
1329 3948 1400 4029 987

307 4073 348 4118 ex
385 4054 520 4114 Diodori
561 4071 607 4129 19,
647 4068 684 4130 25
723 4035 869 4114 fluxisse.¹
916 4053 1115 4114 Addendum
1152 4073 1223 4113 esse
1254 4073 1371 4114 censeo
