3244 4868
665 396 841 462 —61-

220 612 473 695 fragmentorum
500 615 663 695 paucitate
687 616 753 676 erui
778 623 896 695 potest,
922 625 955 676 et
978 612 1158 676 hexametri
1175 631 1286 676 uersus

220 722 385 802 pangendi
409 723 486 784 artis
509 723 588 784 satis
612 722 705 802 periti
729 721 828 784 fuisse
851 719 995 806 (Crusius
1019 719 1099 801 prol.
1118 741 1194 802 pag.
1211 720 1286 784 XCI

220 829 384 891 existimat
416 829 477 891 hos
502 837 617 909 poetas
645 829 773 890 »Nonni
797 830 891 910 quasi
915 829 1131 909 praenuncios
1155 827 1286 912 fuisse»)

219 945 252 998 et
275 955 425 998 sermone
447 936 627 999 admodum
649 956 731 1017 puro
747 937 796 997 usi
813 955 885 997 esse
902 936 1061 998 uidentur.
1087 935 1287 998 Latinismos

220 1044 371 1125 equidem
408 1042 513 1105 nullos
547 1044 691 1106 inuenire
725 1044 826 1124 potui.
875 1042 910 1106 Si
934 1040 1031 1124 igitur
1054 1043 1132 1106 mihi
1156 1063 1287 1124 quoque

221 1152 406 1213 coniectura
441 1150 589 1214 facienda
624 1160 683 1226 est,
720 1171 786 1212 uon
820 1149 1036 1231 improbabile
1059 1150 1137 1212 mihi
1162 1151 1288 1212 uidetur

220 1279 292 1320 esse
328 1258 509 1340 fragmenta
544 1279 593 1334 ea,
629 1279 713 1340 quae
748 1258 946 1321 hexametris
974 1257 1188 1338 proferuntur,
1213 1258 1232 1321 i.
1258 1279 1286 1320 e.

226 1367 329 1428 1-18
366 1366 516 1428 editionis
551 1364 655 1428 Crusii
690 1386 730 1428 eo
754 1366 855 1428 modo
879 1367 963 1427 inter
985 1385 1021 1428 se
1044 1366 1227 1440 cohaerere,
1252 1375 1288 1450 ut

221 1493 263 1535 ex
297 1493 418 1554 magno
449 1474 560 1535 nescio
584 1493 649 1554 quo
673 1475 815 1535 carmine
838 1474 932 1554 epico
957 1493 976 1534 a
1000 1480 1099 1554 poeta
1122 1473 1287 1536 rhetorum

221 1579 345 1643 illorum
390 1581 604 1662 posteriorum
644 1590 751 1643 aetate
788 1579 924 1642 florente
963 1581 1005 1642 ad
1044 1579 1286 1643 similitudinem

221 1687 317 1750 Arati
333 1687 554 1770 Φαινομένων
570 1687 620 1750 uel
637 1687 791 1750 Nicandri
809 1685 1099 1770 Ἑτεροιουμένων
1111 1687 1287 1750 aliorumue
1307 1699 1308 1704 ’

221 1797 415 1876 composito,
452 1797 485 1858 in
521 1816 586 1877 quo
621 1797 769 1858 immixta
792 1806 1007 1870 occurrerent,
1032 1805 1189 1876 excerpta
1212 1795 1285 1856 sint.

221 1903 339 1966 Suidas
374 1904 444 1984 ipse
468 1903 546 1966 dicit
570 1923 605 1964 se
629 1923 668 1965 ea
692 1904 729 1964 ἐν
755 1903 908 1984 μυθικοῖς
931 1904 1093 1966 inuenisse
1117 1900 1168 1987 (cs.
1195 1901 1286 1965 Crus

222 2009 312 2095 prol„
339 2010 421 2091 XC),
457 2011 546 2073 unde
578 2011 689 2073 nescio
724 2029 766 2071 an
801 2011 868 2072 erui
904 2012 1009 2091 possit
1033 2029 1173 2084 carmen,
1198 2010 1286 2092 quod

221 2117 299 2192 dixi,
325 2119 463 2199 epicum,
487 2119 515 2180 si
538 2137 616 2180 uera
639 2119 680 2179 sit
699 2119 894 2193 coniectura,
916 2117 1077 2200 »μυθικάι
1098 2118 1286 2198 inscriptum

221 2244 302 2288 esse.
350 2223 450 2306 Quod
477 2225 657 2314 sententiae
681 2224 794 2300 Crusii,
820 2245 886 2305 qua
908 2226 1021 2287 statuit
1045 2224 1105 2287 hus
1129 2232 1245 2305 poetas
1268 2245 1288 2286 a

221 2331 339 2396 Eabrio
374 2334 406 2394 in
441 2333 611 2413 prooemio
645 2333 675 2394 ll
710 2333 902 2419 impugnari,
934 2332 1065 2394 obstare
1088 2342 1289 2427 tamennon

222 2459 355 2530 necesse
390 2451 449 2514 est,
485 2460 584 2521 quum
619 2441 680 2504 hac
716 2441 841 2502 ratione
875 2439 1010 2502 forsitan
1045 2439 1160 2502 melius
1190 2441 1288 2502 etiam

221 2546 423 2628 explicentur
445 2548 545 2611 uerba
569 2548 686 2636 Babrii,
713 2568 797 2629 quae
813 2549 855 2609 de
871 2547 1086 2610 imitatoribus
1103 2546 1162 2608 illis
1178 2547 1287 2621 habet,

222 2675 366 2735 prooem.
393 2657 432 2731 ΙΙ,
457 2677 539 2718 uera.
571 2673 710 2718 10-11:

384 2811 659 2826 .........
683 2761 741 2824 καὶ
765 2761 967 2842 σοφωτέρης
992 2761 1123 2844 μούσης

381 2869 516 2950 γρίφοις
541 2868 662 2950 ὁμοίας
686 2868 872 2950 ἐκφέρουσι
896 2867 1056 2948 ποιήσεις.

221 2979 345 3057 γρῖφος
380 2965 465 3038 enim
501 2977 587 3038 idem
623 2976 689 3038 sere
717 2987 766 3039 est
790 2986 888 3057 atque
912 2972 1072 3056 aenigma,
1098 2970 1162 3057 quo
1187 2977 1288 3038 uerbo

222 3082 350 3147 insolita
374 3083 427 3145 illa
451 3083 630 3146 fabularum
648 3085 904 3147 adhibendarum
923 3084 1003 3145 ratio
1020 3083 1201 3165 significata
1216 3104 1289 3146 esse

157 3267 160 3272 ,
221 3192 334 3272 possit.
383 3191 515 3254 Crusius
549 3191 612 3253 hoc
648 3191 754 3254 Babrii
788 3191 924 3254 uerbum
949 3194 990 3254 de
1014 3210 1133 3273 genere
1157 3192 1288 3254 dicendi

223 3305 390 3378 poetarum
428 3300 554 3380 accipit.
603 3298 637 3361 Si
672 3319 713 3360 ex
745 3300 887 3360 carmine
911 3300 1004 3379 epico
1030 3298 1211 3380 fragmenta
1235 3319 1289 3361 ex·

222 3417 333 3486 cerpta
368 3425 440 3468 esse
474 3407 655 3480 statuimus,
692 3406 765 3471 huic
800 3405 845 3467 rei
880 3407 978 3467 etiam
1013 3424 1110 3485 quam
1147 3408 1290 3468 maxime

222 3515 374 3576 conuenit
409 3513 498 3595 quod
529 3514 688 3576 sermonis
713 3513 878 3578 Homerici
901 3524 936 3574 et
958 3512 1115 3575 Hesiodei
1139 3514 1288 3594 peritissi-

222 3639 294 3682 mus
324 3616 436 3702 'po'eta
475 3621 602 3683 exsistit
640 3619 786 3700 (Crusius
826 3619 905 3700 prol.
945 3618 1019 3682 XCI
1059 3621 1288 3683 animaduertit

222 3734 354 3807 po'etam
393 3727 530 3818 »glossis
567 3728 668 3809 epicis
690 3726 924 3809 uocabulisque
949 3727 1122 3790 rarioribus
1145 3729 1289 3791 maxime

221 3817 418 3898 delectatum
453 3838 561 3915 esse»)
597 3856 703 3917 neque
736 3845 824 3898 caret
847 3836 1019 3916 generibus
1043 3837 1173 3899 dicendi
1197 3835 1288 3898 Calli-

222 3943 338 4017 machi,
364 3943 539 4018 Theocriti,
564 3942 698 4006 aliorum
725 3945 872 4025 propriis.
920 3943 955 4007 Si
979 3944 1075 4025 igitur
1098 3964 1165 4006 rem
1186 3945 1288 4006 metri-

222 4069 304 4124 cam,
330 4071 428 4132 quam
453 4051 647 4114 Nonnianae
671 4052 806 4132 propius
822 4072 919 4133 quam
936 4049 1116 4115 Babrianae
1134 4051 1293 4124 accedere

222 4178 264 4220 ex
288 4159 336 4232 iia,
362 4179 444 4239 quae
469 4157 576 4222 attulit
600 4158 732 4222 Crusius
757 4158 836 4240 prol.
855 4179 931 4240 pag.
949 4151 1007 4221 XC
1023 4169 1057 4221 et
1072 4158 1155 4233 XCI,
1173 4158 1287 4234 elucet,
