3260 4882
585 453 587 455 ,
686 418 881 482 -us—

249 619 314 702 (19)
349 628 456 682 exstat
491 618 543 697 (cl.
581 619 631 678 ed.
670 618 771 690 Crusii
808 599 882 698 pag.
909 617 976 694 68),
1002 617 1217 696 compositam
1243 597 1315 677 esse
1351 631 1354 634 ·

250 736 335 790 recte
361 725 623 788 Rutherfordium
648 724 743 805 (prol
769 745 842 804 pag.
869 723 990 806 XLIV)
1007 724 1158 784 statuisse
1175 743 1193 784 e
1211 722 1317 786 uerbis

249 834 324 916 equi
357 844 499 896 exeunte
526 830 634 894 sabula
659 830 792 912 prolatis
817 830 909 894 sacile
933 830 1102 912 colligitur.
1151 819 1344 910 Quoniam
1428 910 1430 914 y

249 950 381 1004 auctore
417 940 531 1004 Crusio
568 941 672 1020 (Prou.
708 938 805 1002 Alex.
833 959 950 1000 comm.
978 960 1008 1018 p.
1040 936 1088 1020 53)
1113 937 1198 1000 idem
1224 957 1315 1017 argu·

247 1059 392 1110 ,mentum
432 1057 652 1111 tractauerunt
691 1047 848 1108 Libanius
887 1057 918 1108 et
943 1046 1120 1124 Procopius
1143 1043 1311 1124 sophistae
1425 1085 1426 1088 =

249 1165 346 1237 atque
381 1155 599 1237 explicatione
634 1176 653 1217 a
693 1154 840 1216 Zenobio
875 1164 908 1215 et
943 1152 1113 1216 Plutarcho
1144 1151 1317 1234 prouerbio

250 1263 362 1325 addita
398 1273 535 1344 apparet
558 1284 616 1326 eos
641 1261 782 1326 rabulam
813 1283 832 1323 a
861 1261 1022 1323 Babriana
1047 1279 1159 1340 parum
1185 1259 1315 1320 abhorr-
1390 1293 1391 1296 =

249 1382 356 1444 entem
392 1372 595 1454 cognouisse,
632 1372 695 1434 iam
727 1371 758 1432 in
793 1369 880 1430 fonte
916 1367 1023 1448 aliquo
1059 1368 1222 1429 rhetorum
1248 1387 1315 1428 nar·

250 1480 407 1542 rationem
444 1490 588 1559 paratam
625 1479 788 1540 exstitisse
824 1478 1023 1539 credendum
1056 1487 1113 1538 est.
1163 1474 1315 1536 Babrium

250 1596 357 1649 autem
383 1588 414 1650 in
439 1585 547 1648 fabula
571 1585 751 1648 enarranda
775 1604 909 1664 operam
935 1583 1064 1645 dedisse
1088 1593 1129 1644 ut
1146 1601 1316 1663 argumen-

250 1707 318 1757 tum
358 1693 569 1775 amplificaret
604 1693 679 1756 inde
715 1690 901 1765 concludas,
937 1693 1025 1772 quod
1061 1700 1093 1752 et
1128 1690 1214 1752 idem
1252 1688 1316 1752 fere

249 1802 464 1882 significantia
499 1800 672 1863 cumulauit
707 1811 742 1862 ut
776 1819 858 1860 ders,
884 1815 918 1860 2:
949 1797 1114 1884 »ἐκρίθιζε
1135 1797 1318 1878 κ’ἄπρεφεγ

249 1909 378 1992 χόρτῳ»
399 1919 431 1971 et
452 1929 511 1990 pro
532 1929 596 1970 una
609 1908 691 1969 duas
703 1908 882 1970 sententias
899 1905 1004 1968 attulit
1021 1916 1056 1967 ut
1073 1925 1153 1967 uers.
1171 1923 1206 1982 4:
1229 1901 1318 1978 »ἐπεὶ

250 2015 457 2091 δ’ὲπαύσατ’,
483 2013 524 2093 hv
548 2012 730 2078 delumbis
754 2013 889 2095 εἰρήνη»
918 2025 950 2076 et
973 2013 1224 2095 descriptionem
1242 2009 1317 2074 belli
1395 2083 1397 2087 ,

250 2125 390 2186 ineuntis
425 2123 475 2207 (cf.
514 2123 616 2186 Theo.
643 2123 696 2186 W.
723 2123 746 2196 1,
770 2142 847 2203 pag.
879 2137 937 2202 177
961 2120 979 2184 l.
1004 2123 1053 2200 18)
1071 2120 1216 2184 adhibuit
1235 2140 1315 2182 uers.

255 2248 395 2310 ram-13:
425 2230 587 2310 »σάλπιγξ
611 2228 764 2311 τ’ἐφώιέι
779 2231 881 2292 πᾶσιν
898 2226 1026 2292 ἀσπίδα
1043 2226 1180 2309 σμήχειν
1195 2228 1317 2304 ἵππους

249 2360 286 2402 τε
308 2343 448 2421 κοσμεῖν
470 2337 527 2400 καὶ
551 2336 695 2418 σίδηρον
719 2335 884 2412 ὀξύιέιι».

357 2447 408 2508 De
434 2445 541 2508 sabula
564 2463 606 2524 92
631 2446 673 2508 ad
700 2446 905 2526 prouerbium
930 2442 1165 2526 nobilissimum
1183 2443 1318 2504 Zenobii

251 2556 289 2629 II,
310 2556 350 2633 36
367 2554 442 2616 ficta
459 2553 654 2617 conferenda
670 2564 754 2628 sunt,
773 2573 857 2634 quae
874 2549 1124 2628 luculentissime
1141 2551 1319 2632 disputauit

252 2661 383 2724 Crusius
418 2661 525 2740 (Babr.
563 2671 624 2724 aet.
662 2682 693 2742 p.
732 2663 818 2740 213).
867 2659 1002 2722 Addere
1026 2657 1188 2720 uelimad
1212 2678 1317 2720 narra·

251 2771 373 2831 tionem
391 2769 657 2834 conformandam
676 2769 772 2830 etiam
790 2777 1016 2848 argumentum
1035 2765 1111 2827 illud
1128 2765 1317 2846 Aesopeum

251 2877 345 2946 Babr.
386 2891 426 2956 50
460 2903 504 2934 τ.
528 2876 672 2938 Phaedr:
688 2875 779 2956 App.
806 2877 846 2938 28
872 2873 1011 2936 ualuisse
1036 2874 1112 2936 mihi
1136 2873 1252 2949 uideri3
1278 2872 1317 2935 cs.

251 2985 346 3047 Babr.
368 2999 418 3065 50,
438 3002 472 3064 3:
504 2982 609 3064 »πρὸς
625 2984 714 3048 θεῶν
731 2998 773 3046 σε
789 2981 969 3060 σωτήρων»
986 3008 1030 3040 z
1043 2998 1095 3063 92,
1115 3000 1149 3060 4:
1171 2981 1217 3042 »ὢ
1233 2979 1319 3060 πρός

251 3109 293 3156 σε
315 3094 471 3175 νυμφῶν»
500 3103 533 3155 et
560 3107 608 3172 50,
637 3107 669 3172 7:
692 3091 816 3171 »ἢλθεν
828 3089 987 3170 κυνηγός,
1001 3089 1057 3152 καὶ
1070 3089 1129 3152 τὸν
1143 3087 1318 3168 ἄνδρ’ἐπη-

251 3200 354 3280 ρώτα,
380 3199 422 3282 μὴ
447 3199 519 3282 τῇδ’
546 3199 684 3280 ἀλώπηξ
706 3196 941 3264 καταδέδυκεγ
960 3197 979 3276 ἢ
997 3198 1133 3279 φεύγει»
1158 3213 1267 3276 292,
1282 3216 1316 3278 4:

255 3307 346 3387 »ἀρα
367 3307 545 3388 γινώσκεις
568 3291 813 3388 ἴχγηλέογτος,
839 3308 933 3383 ὅστις
957 3303 1026 3368 ὧδε
1049 3304 1228 3387 φωλεύει;ιι
1334 3349 1336 3352 -
1382 3334 1385 3337 *

359 3416 482 3480 Fabula
523 3433 581 3478 112
618 3437 684 3498 quo
720 3417 820 3478 modo
845 3425 916 3478 urta
940 3416 981 3476 sit
1005 3434 1076 3495 eam
1102 3414 1236 3475 obrem
1262 3412 1318 3474 dis-

247 3524 333 3587 ticile
369 3535 418 3586 est
454 3525 639 3600 diiudicare,
677 3525 764 3605 quod
800 3523 919 3584 Auian.
957 3539 993 3600 31
1022 3530 1163 3602 excepta
1186 3541 1205 3581 a
1229 3518 1317 3602 nullo

252 3631 315 3695 alio
351 3643 484 3694 auctore
518 3653 617 3714 quarn
653 3631 771 3694 Babrio
807 3639 1080 3693 commemoratur
1115 3647 1220 3710 neque
1250 3629 1318 3690 eius

251 3750 359 3804 exstat
383 3738 458 3802 uola
482 3761 540 3802 nec
565 3741 747 3821 uestigium,
785 3738 949 3820 Quoniam
967 3746 1075 3800 autem
1092 3746 1161 3798 tota
1177 3737 1319 3798 narratio

252 3849 458 3930 prouerbium
495 3846 725 3929 amplificatum
753 3848 884 3925 indicat,
909 3845 1116 3908 collectiones
1141 3843 1319 3924 paroemia·
1353 3910 1355 3913 ,

252 3956 451 4037 graphorum
487 3955 688 4036 peruoluenti
724 3955 802 4017 mihi
837 3952 967 4028 nullum,
1004 3953 1046 4015 ad
1082 3951 1170 4033 quod
1207 3948 1319 4012 melius

253 4064 333 4126 haec
352 4062 458 4125 sabula
476 4064 649 4144 quadraret
665 4062 872 4142 prouerbium
890 4061 1029 4124 occurrit
1045 4079 1142 4141 quam
1160 4056 1320 4120 Plutarchi

252 4189 289 4250 41
317 4170 421 4255 (Prou.
438 4170 545 4243 Alex,
571 4171 621 4242 ed,
641 4169 731 4240 Crus.
749 4189 824 4260 pag.
844 4172 912 4258 ²⁰l³
935 4165 1161 4256 »βουλήσεταί
1177 4185 1225 4244 τις
1242 4164 1317 4252 μᾶλ-
