3260 4882
683 413 724 422 ...
754 383 814 456 15'9

252 589 349 654 fuisse
399 589 490 654 facile
532 601 698 671 appareat.
762 589 870 670 Quum
914 590 1008 670 igitur
1052 589 1138 650 haud
1183 586 1316 670 longum

251 699 407 778 temporis
431 699 573 778 spatium
590 699 672 760 inter
689 696 839 760 Babrium
857 707 889 758 et
906 695 1119 758 Heliodorum
1137 693 1318 758 interfuisse
1363 752 1365 756 .

251 805 407 880 uideatur,
444 806 598 868 audacius
632 825 705 868 esse
740 824 805 867 non
841 814 950 885 potest
983 805 1131 868 conicere
1154 803 1316 880 Rubrium,

251 933 350 996 quum
362 913 395 975 in
409 911 517 976 fabula
532 929 549 976 2
567 913 609 976 ab
626 933 666 988 eo
687 911 725 974 »d
742 911 843 989 dede»
857 909 945 974 nullo
958 912 1099 986 nomine,
1112 910 1315 992 querndicat,

251 1021 393 1102 ascripto
436 1021 614 1096 inducatur,
661 1018 849 1100 Apollinem
869 1017 1130 1100 ,subintelligere
1177 1017 1319 1083 uoluisse

252 1127 302 1211 (cs.
328 1128 435 1192 Rohd.
461 1127 479 1190 l.
505 1127 525 1190 l.
550 1147 624 1210 pag.
651 1129 739 1206 434).
776 1125 852 1208 Quo
877 1125 996 1190 sactum
1021 1137 1070 1188 est
1085 1136 1120 1187 ut
1137 1126 1319 1188 mordacior

251 1247 338 1298 esset
373 1237 484 1311 ironia,
520 1256 619 1318 quum
653 1236 723 1318 ipse
747 1233 1028 1315 Apollo-Pythius
1053 1234 1108 1315 qui
1131 1232 1319 1302 hominibus

252 1363 409 1424 responsa
444 1344 523 1406 dare
556 1343 684 1417 soleret,
720 1343 854 1406 eosdem
888 1343 1037 1418 homines
1060 1343 1209 1422 quisnam
1233 1349 1319 1404 esset
1408 1415 1409 1418 Ἴ

251 1449 301 1512 fur
336 1461 475 1532 rogaret.
525 1451 580 1514 Ad
615 1451 699 1516 lianc
734 1453 952 1516 coniecturam
985 1449 1242 1514 confirmandam
1267 1449 1318 1512 ali·

247 1551 408 1638 {quantum
444 1559 543 1620 credo
575 1559 672 1628 etiam
704 1558 848 1624 tabulam
882 1559 989 1623 Babrii
1027 1560 1074 1634 18,
1100 1577 1196 1638 quam
1221 1559 1318 1620 etiam
1393 1545 1396 1549 ’

252 1676 360 1728 narrat
397 1665 585 1728 Plutarchus
620 1668 748 1747 coniug.
787 1687 893 1748 praec.
917 1687 946 1729 c.
977 1682 1013 1728 12
1038 1665 1092 1750 (z
1117 1665 1224 1728 Halm.
1252 1667 1317 1744 82),

253 1771 370 1848 ualere,
392 1795 495 1855 quum
520 1775 615 1846 inea
638 1773 694 1838 Sol
711 1773 878 1856 Aquilone
895 1775 982 1836 uicto
997 1772 1046 1851 ὡς
1061 1771 1145 1850 θεὸς
1160 1771 1319 1853 κρείττων

252 1881 482 1970 introducatur.
1274 1949 1278 1955 ,

359 1989 523 2050 Venerem
560 1987 687 2052 fabulae
724 1989 817 2051 Babr.
850 2006 888 2052 10
911 1991 1008 2052 deam
1033 2007 1222 2070 graecorum
1246 2007 1319 2050 esse

252 2115 317 2158 non
354 2115 452 2176 posse
487 2096 672 2177 Hartungio
708 2095 815 2180 (Babr.
853 2118 884 2178 p.
926 2095 984 2180 14),
1010 2096 1158 2178 quamuis
1182 2095 1214 2158 id
1239 2093 1319 2157 nolit

252 2201 383 2267 Crusius
418 2202 450 2284 (l.
485 2203 504 2265 l.
531 2224 561 2284 p.
589 2221 653 2284 234
677 2205 752 2268 adn.
780 2206 822 2284 2),
847 2205 1090 2268 assentiendum
1115 2211 1174 2266 est.
1222 2203 1319 2264 Vnde

252 2311 362 2372 nescio
386 2331 427 2372 an
452 2311 484 2372 id
499 2323 639 2392 'quoque
661 2310 893 2392 explicandum
917 2313 959 2374 sit
983 2311 1070 2392 quod
1090 2308 1206 2372 ancilla
1222 2311 1318 2372 deam

252 2415 387 2480 lucernis
411 2416 497 2492 colit,
522 2439 587 2498 quo
611 2419 653 2480 de
676 2439 767 2482 more
792 2418 968 2482 luculenter
991 2419 1170 2499 disputauit
1188 2416 1319 2479 Crusius

251 2521 285 2606 (l.
311 2522 329 2588 l.
356 2545 387 2604 p.
414 2527 502 2604 231).
550 2524 616 2588 Sed
641 2536 775 2606 praeter¹
793 2526 878 2590 hunc
898 2547 1021 2588 morem
1039 2526 1081 2588 ad
1098 2523 1219 2586 cultum
1237 2525 1319 2587 deae

251 2633 284 2694 in
320 2631 428 2696 sabula
463 2633 557 2695 Babr.
591 2634 789 2714 descriptum
813 2634 846 2696 id
870 2654 1000 2716 quoque
1025 2634 1185 2714 pertinere
1209 2633 1317 2710 cred0‚

252 2741 341 2819 quod
374 2741 408 2802 iu
443 2761 525 2803 uers.
564 2757 649 2819 3-4
684 2740 799 2804 ancilla
827 2742 931 2804 aureis
955 2751 987 2804 et
1010 2741 1178 2822 purpureis
1202 2740 1319 2820 pannis

251 2847 366 2910 induta
402 2848 614 2929 progreditur.
664 2848 749 2910 Nam
771 2858 805 2912 et
828 2850 933 2929 ipsam
959 2848 1168 2929 Aphroditen
1188 2867 1317 2910 auream

251 2964 284 3015 et
308 2975 501 3035 purpuream
528 2976 546 3018 a
572 2956 676 3036 poetis
696 2954 741 3039 (ut
758 2955 967 3038 Anacreonte
983 2965 1016 3017 et
1033 2956 1192 3034 Homero)
1209 2953 1318 3034 appel·

252 3059 308 3124 lari
332 3060 460 3124 solitam
484 3083 555 3124 esse
579 3072 611 3124 et
635 3062 804 3125 columbas
827 3064 910 3126 deae
934 3061 977 3126 illi
996 3083 1105 3126 sacras
1120 3064 1193 3142 ipso
1210 3060 1318 3124 colore
1351 3077 1354 3083 '

252 3169 417 3232 dominam
442 3168 620 3232 aemulatus
644 3190 716 3232 esse
739 3171 827 3251 apud
852 3169 1029 3234 Aelianum
1055 3181 1120 3240 nat.
1146 3191 1196 3232 an.
1223 3170 1280 3244 IV,
1300 3185 1316 3230 2

252 3277 368 3339 inueni.
416 3276 650 3340 Columbarum
675 3279 772 3358 igitur
793 3276 983 3359 exemplum
1008 3287 1120 3340 secuta
1143 3275 1259 3340 ancilla
1283 3297 1318 3340 se

251 3384 355 3465 ipsam
390 3385 473 3448 deae
508 3405 698 3448 consecrare
733 3386 867 3450 studens
902 3406 970 3448 eos·
995 3387 1085 3465 ipsos
1108 3384 1233 3448 colores
1258 3385 1318 3446 sibi

251 3493 398 3572 sumpsit,
423 3513 507 3573 quos
530 3493 612 3554 deae
636 3493 779 3554 maxime
802 3491 930 3574 placere
950 3493 1156 3555 existimauit.
1243 3551 1245 3554 .
1301 3557 1302 3562 ,

359 3599 483 3661 Fabula
511 3616 548 3668 12
574 3600 721 3680 mythunr
742 3600 1001 3680 antiquissimum
1018 3620 1038 3664 a
1056 3599 1174 3662 Babrio
1191 3620 1317 3680 corrup-

251 3716 318 3768 tum
354 3727 425 3768 esse
449 3728 514 3770 non
539 3707 653 3770 dubito
677 3709 755 3788 quin
779 3717 865 3770 recte
887 3708 1160 3780 demonstrauerit
1184 3705 1318 3770 Crusius

251 3813 283 3892 (l.
309 3813 327 3876 l.
353 3834 384 3894 p.
412 3816 498 3894 204).
539 3813 605 3878 Sed
626 3825 754 3895 praeter
770 3815 918 3896 mythum
936 3813 1022 3878 illurn
1040 3815 1082 3876 ad
1100 3815 1316 3880 narrationem

251 3920 359 3983 Babrii
394 3920 450 4005 (z
485 3921 592 3984 Halm.
630 3925 679 4002 ιο)
716 3924 978 4003 componendam
1011 3920 1145 3984 multum
1179 3919 1318 3986 ualuisse

251 4029 349 4090 credo
384 4031 481 4092 etiam
513 4041 740 4110 argumentum
764 4051 807 4108 ex
831 4040 963 4092 auctore
987 4029 1139 4092 historiae
1164 4027 1317 4091 naturalis

249 4147 425 4218 sumptum,
450 4157 515 4217 quo
540 4157 616 4200 usus
639 4147 688 4199 est
712 4136 879 4213 Aelianus
905 4157 1004 4217 quum
1028 4138 1106 4216 (nat.
1121 4156 1172 4198 an.
1190 4135 1245 4214 ΙΙΙ,
1263 4135 1317 4220 40)

250 4245 361 4306 docuit
404 4243 571 4306 lusciniam
616 4245 760 4306 omnium
804 4246 910 4306 auium
951 4245 1093 4306 maxime
1132 4242 1314 4306 libertatem
