3260 4882
738 364 1014 454 —-162--¹

304 575 364 638 erit
399 574 543 638 rhetores
575 576 606 636 in
632 573 840 638 collectiones
863 596 938 638 suas
963 577 1173 654 narrationes,
1198 578 1371 659 inquibus

304 692 497 764 argumenta
532 681 697 745 obscoena
721 683 952 758 tractabantur,
978 684 1154 766 recepisse*
1174 685 1316 768 indeque
1339 696 1372 748 et

304 788 485 878 Phaedrum
516 798 548 852 et
572 789 724 855 Babrium
749 790 956 872 pependisse.
1004 789 1098 874 Quae
1122 811 1172 852 res
1196 792 1271 854 inde
1294 812 1371 874 quo-

304 916 368 980 que
380 894 691 962 uerisimilitudinem
704 897 895 978 assequitur,
909 899 997 978 quod
1010 897 1043 960 in
1054 899 1214 980 spadonis
1230 899 1371 962 »damno

304 1004 414 1066 amissi
449 1004 613 1084 eorporis»
648 1004 819 1066 tractando
840 1004 1051 1066 *consentiunt
1075 1004 1128 1086 (cl.
1153 993 1290 1068 Phaedr.
1315 1006 1370 1082 111,

310 1129 342 1172 11
371 1121 403 1173 et
428 1109 522 1173 Babr.
551 1112 613 1190 54).
663 1111 798 1172 Bnbrius
822 1111 882 1172 tria
905 1109 982 1174 talia
1005 1122 1213 1192 argumenta:
1238 1105 1291 1192 4ο,
1316 1127 1370 1194 54,

310 1219 371 1281 116
406 1219 565 1292 tractauit,
602 1237 737 1298 quorum
774 1228 883 1280 tamen
924 1219 984 1284 11,6
1019 1219 1191 1302 originem·
1213 1240 1232 1281 a
1254 1221 1371 1282 ceteris

306 1325 433 1390 duobus
457 1325 702 1408 quodammodo
726 1325 888 1414 diuersam
913 1345 990 1406 prae
1014 1346 1049 1388 se
1073 1325 1154 1388 serre
1177 1327 1313 1390 uidetur.

409 1431 537 1498 -Fabula
571 1448 614 1509 40
643 1432 752 1494 nescio
776 1451 818 1494 an
843 1442 973 1498 recocta
996 1453 1069 1496 esse
1093 1435 1197 1516 possit
1220 1453 1267 1518 ex.
1286 1455 1371 1514 com·-

305 1552 417 1604 mento
434 1539 487 1602 illo
505 1539 676 1614 Heroden
693 1540 787 1602 euius·
799 1541 1004 1604 mentionem
1014 1539 1090 1602 lecit
1105 1542 1203 1604 etiam
1215 1540 1372 1608 Aelianus

305 1647 381 1734 (nat.
417 1669 470 1710 an.
506 1647 545 1722 X,
583 1648 627 1728 3),
663 1667 729 1727 quo
754 1657 862 1708 narrat
884 1646 998 1710 cameli
1022 1647 1175 1729 genitalia
1200 1669 1266 1712 non
1288 1650 1373 1719 sicut

306 1756 440 1818 aliorum
476 1752 662 1818 animalium
698 1755 846 1835 protinus
880 1765 1038 1836 spectare,
1075 1756 1133 1818 sed
1168 1757 1201 1818 in
1232 1757 1371 1820 caudam

306 1883 463 1926 conuersa
487 1876 577 1925 esse.¹
605 1860 756 1927 Camelus
779 1862 877 1943 igitur
893 1883 991 1944 quum
1014 1860 1235 1938 »τὰξόπισθω
1255 1874 1373 1942 natura

307 1972 406 2034 inuita
435 1968 665 2054 »ἔμπροσθενιι
693 1970 826 2044 uideret,
851 1969 1002 2032 iuresibi
1020 1968 1103 2032 male
1120 1971 1249 2034 euenire
1266 1971 1373 2036 dicere

306 2088 424 2160 potest.
474 2077 623 2140 Ceterum
660 2077 692 2140 id
729 2097 859 2160 quoque
887 2077 1127 2142 obseruandum
1152 2098 1223 2142 esse
1247 2079 1373 2142 uidetur

305 2185 465 2249 camelum
501 2194 632 2248 auctore
667 2181 807 2246 Aeliano
842 2187 920 2268 (nat.
957 2203 1008 2251 an.
1045 2185 1149 2261 XVII,
1187 2187 1220 2266 7)
1255 2206 1372 2268 aquam

298 2293 480 2356 ,dilucidam
518 2303 550 2354 et
586 2312 699 2374 puram
727 2292 836 2353 uitare
871 2290 922 2374 (cs.
954 2292 1066 2356 Baba:
1096 2291 1266 2376 »notorior
1290 2290 1374 2367 ὀξὺν

305 2399 433 2482 (irruo),
451 2411 548 2482 atque
564 2400 590 2461 si
607 2401 739 2482 quando
758 2402 801 2464 ad
817 2401 919 2462 riuum
936 2401 1116 2475 accesserit,
1133 2400 1241 2464 statim
1255 2421 1373 2482 aquam

306 2509 482 2590 inquinare.
531 2507 771 2589 Argumentum
808 2507 871 2570 sab.
914 2507 974 2568 116
1009 2527 1042 2568 a·
1061 2508 1176 2570 ceteris
1199 2489 1373 2572 obscoenis

306 2615 552 2697 quodammodo
592 2615 753 2677 diuersum
793 2612 892 2697 Apul.
930 2623 1005 2677 met.
1042 2614 1097 2690 IX,
1136 2615 1176 2678 26
1212 2634 1372 2678 recurrere

307 2709 438 2788 ,Cr‘usius
473 2722 596 2786 inuenit
631 2732 663 2784 et
697 2724 803 2784 causis
833 2723 916 2785 satis
940 2720 1165 2804 probabilibus
1188 2731 1374 2798 commotus

309 2828 422 2892 sabulis
447 2828 579 2892 Milesiis
604 2831 828 2892 adnumerauit
845 2825 898 2913 (cl.
917 2828 1010 2902 Babn
1029 2839 1092 2892 aet.
1109 2849 1185 2912 pag.
1205 2830 1269 2892 216
1285 2831 1371 2910 sqq;)

414 2937 474 2999 His
509 2937 668 3017 expositis
703 2938 734 2998 in
771 2937 913 2999 editione
948 2934 1185 3000 Schneidewini
1219 2946 1373 3018 quattuor

307 3054 428 3106 restant
454 3042 592 3118 fabulae,
615 3064 698 3126 quae
714 3063 813 3124 quum
830 3062 966 3104 maneae
983 3044 1014 3104 in
1031 3043 1198 3106 codicibus
1214 3043 1371 3125 legantur,

307 3155 411 3212 utrum
437 3149 518 3212 libro
542 3151 640 3232 priori
665 3171 706 3212 an
731 3151 902 3232 posteriori
926 3149 1033 3213 Babrii
1058 3151 1275 3214 restituendae
1298 3152 1371 3226 sint,

307 3258 475 3320 diiudicari
499 3278 563 3319 non
588 3268 706 3340 potest.
756 3257 837 3320 Sunt
866 3259 936 3334 128,
964 3273 1127 3336 132,134,
1151 3258 1220 3336 136,
1238 3276 1373 3340 quarum

307 3374 438 3427 auctore
474 3364 704 3428 Rutherlordio
740 3369 784 3447 (p.
827 3363 898 3448 130)
938 3366 997 3427 128
1034 3363 1153 3429 Suidas
1188 3363 1283 3426 nobis
1313 3365 1373 3427 sub

312 3470 501 3554 »κωμήτηῳ
541 3472 711 3547 uocabulo,
746 3489 804 3554 132
830 3471 890 3533 sub
918 3468 1112 3550 »κωλώτης»
1140 3471 1290 3538 seruauit.
1339 3469 1373 3534 Si

308 3580 404 3662 igitur
438 3580 497 3642 has
530 3581 764 3662 exceperimus
791 3577 1052 3643 omnes-ceteras
1077 3577 1211 3654 sabulaS,
1237 3599 1323 3664 quas,
1342 3580 1372 3640 in

308 3686 435 3770 sylloge
472 3687 637 3769 Aesopo,
673 3708 771 3768 quam
806 3686 955 3750 adhibuit
989 3684 1134 3762 BabriuS,
1171 3685 1271 3748 lectas
1303 3706 1374 3749 esse

309 3795 520 3858 demonstrari
558 3817 622 3856 non
659 3805 777 3876 potest,
810 3804 1001 3874 argumento
1025 3803 1058 3855 et
1082 3813 1202 3874 genere
1223 3793 1373 3856 diuersis·

309 3903 407 3990 simas
430 3905 472 3966 ad
497 3915 598 3966 artem
623 3903 786 3982 rhetorum
812 3900 995 3964 referendas
1019 3921 1157 3983 eamque
1181 3900 1226 3962 ob
1250 3921 1316 3992 rem
1341 3901 1373 3964 in

309 4009 416 4075 Babrii
451 4011 533 4075 libro
568 4012 748 4092 posteriore
784 3991 989 4090 reponendas
1024 4029 1096 4072 esse
1131 4029 1172 4072 ex
1208 4009 1255 4086 iis,
1291 4028 1375 4092 quae

309 4137 407 4203 supra
446 4119 533 4186 dicta
568 4127 653 4197 sunt,
689 4101 814 4184 elucere
849 4118 957 4184 credo,
1012 4116 1087 4184 Nori
1122 4116 1237 4204 ignoro
1273 4114 1374 4206 multa
