3244 4868
666 388 898 450 -39-·

220 584 252 644 in
288 583 487 664 argumentis
521 583 694 646 afferendis
729 605 794 648 non
830 586 872 647 ab
907 587 996 648 omni
1031 597 1123 666 parte
1148 587 1230 648 inter
1252 607 1288 650 se

220 691 435 754 consentiunt.
484 689 567 753 Dico
604 691 729 754 fabulas
763 691 899 755 Phaedr.
935 693 959 767 I,
996 711 1007 755 1
1035 719 1080 750 z
1107 694 1202 756 Babr.
1229 697 1286 774 89;

219 797 354 860 Phaedr.
379 798 435 873 lV,
467 815 502 877 13
527 824 573 856 =
595 799 690 862 Babr.
713 816 788 876 102;
808 800 943 864 Phaedr.
961 800 1052 882 App.
1073 817 1109 863 21
1129 827 1174 858 ε
1190 801 1284 864 Babr.

221 921 272 984 29.
321 905 372 967 De
395 906 519 986 origine
544 905 723 968 fabularum
740 908 902 969 communi
920 908 1001 970 haec
1017 909 1097 970 satis
1112 918 1285 971 testantur:

188 1117 189 1120 Ἴ
219 1048 353 1111 Phaedr.
379 1049 402 1124 I,
433 1066 458 1124 1,
484 1066 520 1127 4:
601 1049 702 1111 Latro
716 1051 866 1113 incitatus
879 1051 971 1132 iurgii
984 1072 1116 1113 causam
1130 1051 1288 1114 intulit:

219 1155 314 1218 Babr.
341 1157 392 1235 89,
420 1173 452 1235 3:
515 1184 516 1187 ¹
601 1154 753 1240 ἔγκλημα
764 1155 925 1237 δ’ἔχθρας
936 1155 1285 1238 εὐπρόσωπονέζήτει.

136 1357 138 1360 .
219 1299 354 1361 Phaedr.
380 1299 437 1374 IV,
468 1316 515 1378 13,
541 1317 575 1377 4:
602 1299 683 1362 Cum
707 1321 742 1362 se
767 1301 904 1363 serarum
929 1322 1038 1382 regem
1064 1301 1193 1364 fecisset
1216 1303 1286 1364 Leo

356 1387 357 1392 ἵ
602 1407 644 1469 Et
668 1409 839 1489 aequitatis
863 1407 959 1471 uellet
983 1409 1102 1471 samam
1120 1412 1285 1491 consequi,

185 1566 189 1576 .
601 1514 1287 1595 Apristinadeflexitconsuetudineetc.z

218 1621 312 1684 Babr.
343 1638 413 1697 102,
444 1639 473 1684 1:
599 1621 701 1684 Λέων
728 1643 777 1700 τις
801 1622 1003 1710 ἐβασίλευεν
1026 1623 1101 1702 οὐχὶ
1124 1623 1285 1707 θυμώδης

600 1727 771 1813 οὐδ’ὠμὸς
795 1727 879 1792 οὐδὲ
902 1730 1012 1794 πάντα
1024 1733 1064 1812 τῇ
1080 1730 1132 1817 βίῃ
1148 1731 1284 1812 χαίρων,

600 1839 713 1917 πρᾷος
721 1835 825 1901 δὲκαὶ
834 1837 967 1916 δίκαιος
975 1837 1283 1919 ὥςτιςάνθρώπων.

218 1961 353 2024 Phaedr.
368 1961 459 2043 App.
475 1979 527 2039 21,
546 1981 576 2026 1:
602 1962 731 2044 Equum
763 1974 795 2026 et
819 1965 1012 2046 quadrigam
1038 1964 1145 2026 multis
1169 1965 1285 2046 palmis

694 2062 842 2134 ¹nobilem
1161 2158 1164 2163 ἱ

602 2177 729 2260 Abegit
774 2180 915 2260 quidam,
964 2189 996 2242 et
1042 2181 1075 2242 in
1115 2181 1285 2260 pistrinum

699 2286 911 2347 uendidit:

216 2390 312 2454 Babr.
339 2407 391 2472 29,
421 2409 451 2454 1:
600 2391 711 2471 Γέρων
733 2392 914 2470 ποθ’ἵππος
931 2393 979 2471 εἰς
997 2392 1123 2473 ἀλητὸν
1140 2394 1282 2474 ἐπράθη.

323 2517 359 2578 ln
395 2515 465 2578 aliis
499 2526 609 2579 autern
634 2517 730 2581 rebus
754 2518 839 2580 haud
864 2520 977 2598 paucis
1000 2520 1083 2581 inter
1107 2540 1142 2582 se
1166 2521 1284 2582 discor-

216 2624 297 2686 dant
331 2633 489 2687 auctores.
538 2623 638 2705 Quod
663 2626 777 2688 attinet
800 2626 843 2687 ad
868 2625 1010 2688 fabulam
1034 2625 1121 2689 illam
1146 2625 1284 2689 illustris-

216 2732 332 2794 simam
367 2741 399 2793 et
435 2731 693 2812 pulcherrimam,
730 2753 814 2813 quae
845 2734 886 2794 de
910 2731 988 2813 lupo
1012 2742 1045 2794 et
1068 2753 1155 2815 agno
1180 2753 1284 2796 narra·

215 2848 274 2913 tur,
300 2839 332 2900 in
355 2839 417 2900 hac
441 2839 573 2919 quidem
597 2837 795 2919 perlegenda
819 2848 851 2901 et
876 2839 1072 2920 explicanda
1096 2838 1231 2902 multum
1252 2850 1285 2902 et

216 2947 270 3008 diu
294 2946 491 3008 haesitemus
514 2965 648 3009 necesse
672 2955 731 3008 est.
766 2945 891 3008 Fabula
908 2946 1069 3009 Babriana
1087 2949 1129 3026 89
1145 2947 1283 3010 formam

215 3054 429 3134 antiquiorem
466 3053 645 3115 exhibitam
677 3073 748 3115 esse
771 3064 913 3116 statuere
937 3054 1033 3116 nobis
1057 3075 1190 3116 necesse
1214 3056 1282 3132 erit,

215 3162 242 3222 si
265 3162 303 3222 iis
327 3161 403 3223 uiris
427 3161 533 3223 doctis
550 3171 585 3223 ut
603 3161 743 3235 Havet0‚
762 3160 941 3237 Vandaele,
959 3160 1029 3224 aliis
1046 3160 1096 3246 (cs.
1114 3162 1284 3225 Vandaele

219 3267 312 3349 »Qua
358 3278 467 3330 mente
512 3269 658 3330 Phaeder
702 3267 836 3331 fabellas
881 3271 1063 3350 scripserit»
1113 3290 1188 3351 pag.
1231 3269 1283 3350 33)

215 3377 438 3449 assentiemur,
486 3377 542 3456 qui
587 3375 700 3437 uolunt
735 3375 886 3451 fabulam,
923 3375 1027 3457 qualis
1062 3379 1150 3458 apud
1184 3377 1283 3439 Phae·

215 3484 307 3545 dmm
344 3483 482 3565 legitur,
507 3485 550 3545 ad
586 3482 739 3546 Seianum
765 3482 991 3565 delatoresque
1015 3486 1085 3546 eius
1108 3483 1281 3546 transferri.

215 3589 323 3671 Quam
358 3591 385 3652 si
419 3592 641 3672 acceperimus
676 3592 880 3667 sententiam,
918 3591 1011 3654 facile
1034 3593 1139 3654 conici
1164 3593 1283 3673 poterit

215 3696 358 3760 fabulam
394 3718 413 3759 a
446 3708 545 3778 poeta
569 3709 755 3780 corruptam
780 3719 861 3760 esse.
910 3698 977 3762 Sed
1001 3721 1060 3781 pro
1085 3699 1166 3761 uirili
1191 3710 1282 3780 parte

215 3805 405 3867 crediderim
441 3805 622 3868 Phaedrum
658 3807 784 3868 etiamsi
819 3806 904 3868 hanc
931 3805 1072 3869 fabulam
1097 3808 1138 3868 de
1162 3806 1282 3870 Seiano
1394 3837 1396 3842 v

214 3913 390 3993 amicisque
420 3914 488 3974 eius
512 3912 655 3994 intellegi
679 3913 825 3989 uoluerit,
851 3925 961 3976 tamen
985 3913 1153 3995 exemplar
1178 3914 1282 3976 Aeso·
1312 3925 1313 3928 ’

215 4040 313 4100 peum
330 4022 468 4083 eandem
485 4041 618 4101 prorsus
630 4023 847 4084 narrationem
861 4022 1021 4084 exhibens
1035 4020 1132 4084 latine
1145 4032 1280 4086 uertere.

214 4126 249 4190 Si
273 4129 358 4189 enim
383 4126 509 4190 fabulas
533 4128 727 4190 Babrianam
747 4139 780 4190 et
796 4129 1030 4192 Phaedrianam
1048 4150 1122 4191 cum
1138 4131 1177 4191 iis
1194 4129 1282 4192 iabu-
