3260 4882
340 1089 567 1198 Quomodo
602 1097 826 1185 praecepta
861 1087 930 1161 illa
946 1087 1184 1175 rhetorum,
1215 1110 1322 1184 quae
1352 1088 1405 1162 de

365 1214 517 1290 fabulis
552 1211 826 1312 extendendis
855 1223 895 1287 et
922 1212 1220 1287 contrahendis
1249 1223 1377 1301 erant,

578 1362 604 1415 a
632 1339 789 1414 Babrio
819 1340 1043 1414 obseruata
1071 1338 1164 1412 sint.

445 1590 491 1653 Vt
515 1610 534 1652 a
558 1585 740 1672 praeceptis
764 1587 824 1652 illis
847 1590 1021 1664 rhetorum,
1047 1609 1130 1670 quae
1154 1589 1186 1650 in
1210 1600 1403 1670 argumento

337 1697 519 1761 enarrando
554 1698 662 1779 posita
691 1708 776 1773 sunt,
801 1698 964 1778 incipiam,
989 1696 1083 1759 Theo
1107 1696 1173 1776 (W.
1199 1696 1213 1758 l
1238 1717 1268 1777 p.
1299 1710 1356 1776 175
1383 1695 1402 1758 l.

341 1803 369 1889 5)
393 1825 432 1868 ea
455 1807 499 1868 ita
524 1804 781 1886 comprehendit,
807 1815 842 1866 ut
865 1805 984 1882 doceat
1008 1814 1063 1866 aut
1085 1801 1314 1885 explicandam
1331 1824 1404 1866 esse
1464 1837 1473 1844 -

338 1911 491 1976 fabulam
515 1923 569 1976 aut
604 1914 646 1975 ad
680 1913 884 1994 propositum
909 1912 1224 1974 accommodandam
1249 1921 1306 1974 aut
1329 1933 1404 1974 cum

336 2019 398 2082 alia
423 2021 605 2083 narratione
628 2020 887 2082 connectendam
912 2029 967 2081 aut
990 2019 1233 2081 extendendam
1256 2029 1312 2082 aut
1328 2039 1403 2082 con·

314 2128 537 2196 trahendam.
585 2128 761 2209 Praecepta
796 2126 849 2189 illa
883 2127 948 2190 duo
984 2129 1100 2209 priora,
1127 2127 1165 2188 ut'
1185 2137 1404 2210 exponeretur

338 2234 445 2298 fabula
469 2245 525 2297 aut
548 2236 590 2298 ad
607 2230 811 2317 propositum
828 2235 1141 2311 accommodaretur,
1159 2255 1259 2317 quum
1276 2237 1317 2297 ad
1334 2255 1403 2297 ora·

336 2353 441 2405 torum
462 2348 507 2404 'et
530 2363 633 2404 rerum
658 2343 851 2424 scriptorum
875 2363 969 2406 usum
994 2340 1097 2404 solum
1122 2341 1285 2404 transferri
1310 2351 1404 2423 potu-

336 2451 418 2512 erint
452 2471 557 2533 neque
592 2471 627 2520 a
647 2449 880 2513 fabulatoribus
915 2450 1061 2512 adhibita
1084 2451 1157 2524 sint,
1183 2449 1246 2512 hoc
1270 2449 1402 2531 quidem

335 2557 408 2621 loco
444 2559 748 2640 praetermittantur.
797 2559 897 2640 Quod
930 2559 1050 2620 deinde
1074 2558 1173 2620 docet
1195 2558 1289 2620 Theo
1314 2557 1402 2620 fabu-

336 2665 399 2728 lam
423 2687 497 2728 cum
521 2665 584 2728 alia
608 2667 755 2729 oratione
779 2668 1037 2729 connectendam
1054 2685 1135 2741 esse,
1154 2664 1247 2728 facile
1264 2677 1402 2747 apparet

335 2775 432 2836 etiam
468 2777 500 2836 id
536 2785 745 2856 praeceptum
775 2776 880 2856 primo
905 2775 946 2836 ad
972 2783 1136 2835 oratorum
1161 2772 1289 2835 fabulae
1313 2773 1401 2836 adhi-

334 2882 462 2944 bendae
486 2883 641 2945 rationem
668 2883 869 2963 pertinuisse,
895 2893 929 2944 ut
953 2883 1050 2944 etiarn
1075 2901 1117 2942 ex
1141 2881 1400 2965 ipsoexemplo,

334 2991 423 3070 quod
458 2989 551 3050 affert
585 2990 679 3052 Theo
715 2989 781 3068 (W.
819 2990 832 3049 Ι
866 3011 897 3070 p.
928 2988 1031 3069 1771.
1062 2990 1122 3068 15),
1148 2987 1256 3069 colligi
1280 2998 1399 3069 potest.

335 3097 415 3159 Mox
449 3107 556 3159 autem
592 3099 689 3159 etiam
725 3118 743 3160 a
779 3095 1013 3160 fabulatoribus
1046 3097 1125 3176 ipsis
1154 3096 1185 3157 id
1211 3107 1400 3177 usurpatum

334 3225 405 3267 esse
429 3204 565 3267 Phaedri
591 3203 718 3266 fabulae
741 3204 871 3278 docent,
897 3205 929 3266 in
953 3203 1070 3287 quibus
1093 3223 1166 3265 eam
1183 3204 1400 3266 connectendi

333 3313 491 3375 rationem
528 3311 705 3374 adhibitam
741 3333 812 3374 esse
847 3312 1074 3374 animaduertit
1098 3312 1195 3374 etiam
1220 3311 1397 3374 Hausrath.

334 3441 365 3500 p.
404 3437 476 3498 313.
524 3419 637 3500 Atque
677 3420 790 3480 mirum
827 3414 913 3480 certe
949 3419 1075 3480 uidetur
1110 3439 1181 3480 esse
1217 3418 1398 3480 Phaedrum

333 3527 478 3589 Theonis
502 3527 700 3607 praescripta
723 3525 951 3588 obseruantem
977 3525 1101 3600 sabulis
1126 3527 1158 3587 in
1182 3526 1299 3607 quibus
1315 3525 1399 3588 hanc
1460 3510 1463 3516 ¹

333 3635 495 3704 scribendi
531 3635 687 3697 rationem
723 3642 854 3696 secutus
889 3644 938 3696 est
968 3634 1005 3714 (l,
1033 3650 1067 3709 2;
1093 3633 1150 3708 IV,
1176 3650 1232 3709 20;
1259 3630 1330 3708 IV2,
1359 3631 1397 3717 5),
1491 3621 1493 3624 ⁵

333 3743 396 3804 iam
426 3743 643 3804 narrationem
668 3742 897 3822 praeposuisse
921 3750 956 3802 ut
979 3740 1003 3815 Ι,
1031 3757 1059 3816 2,
1085 3741 1148 3802 iam
1173 3741 1399 3821 postposuisse

332 3860 367 3911 ut
401 3849 457 3923 lV,
495 3865 536 3912 20
561 3847 688 3924 et1v2,
717 3862 743 3928 5.
792 3848 886 3910 Theo
911 3849 996 3910 enim
1020 3847 1087 3929 (W.
1113 3848 1127 3909 I
1151 3869 1182 3929 p.
1213 3846 1399 3928 1771510)

332 3967 386 4018 aut
423 3955 563 4018 fabulam
589 3960 665 4038 post
689 3956 906 4018 narrationem
931 3965 987 4018 aut
1012 3956 1228 4017 narrationem
1254 3965 1330 4036 post
1354 3953 1397 4016 f-

332 4063 440 4127 bulam
476 4065 568 4146 sequi
605 4084 702 4144 posse
737 4063 852 4126 docet.
890 4062 926 4126 Si
949 4073 1057 4125 autem
1082 4064 1291 4138 narrationes
1316 4082 1398 4143 quas

333 4192 406 4234 curn
438 4171 553 4233 fabulis
576 4172 744 4252 coniungit
768 4171 941 4246 PhaedruS,
967 4171 1271 4246 examinauerimuS,
1297 4168 1397 4232 eluce-
