3244 4868
659 427 668 499 .-
706 399 882 480 ..-13'-.

174 659 176 662 -
257 613 299 676 ad
336 635 428 676 usum
465 624 586 677 certum
621 616 903 678 accommodanda
932 616 1143 688 traderentur,
1169 616 1323 692 ita'uide-

258 741 329 782 mus
352 722 449 784 etiam
474 731 641 784 auctorem
667 733 813 785 nostrum
838 723 928 785 initio
953 723 1109 803 prooemii
1128 721 1256 784 fabulae.
1280 722 1323 786 ab

211 857 213 860 ·
258 829 407 892 Hesiodo
442 831 483 892 de
518 831 661 911 quinque
695 830 857 892 aetatibus
886 841 1034 893 narratae
1058 831 1257 892 mentionem
1283 831 1324 892 le·

220 951 225 957 ’
257 937 340 998 cisse
384 957 521 1018 eamque
563 939 606 1000 ad
642 939 846 1019 propositum
882 943 975 1000 snum
1012 939 1322 1000 accommodauisse.
1375 1007 1376 1012 η

259 1044 433 1108 Lectiones
468 1045 590 1108 codicis
625 1045 728 1108 Athoi
760 1066 904 1127 prooem.
931 1046 954 1120 Ι,
981 1066 1062 1108 uers.
1091 1058 1173 1124 3-5
1200 1047 1323 1108 coniec-

256 1153 336 1214 turis
359 1173 475 1215 sanare
499 1154 618 1227 conari,
644 1153 734 1234 quod
760 1153 902 1216 fecerunt
926 1153 1081 1236 plerique,
1107 1154 1226 1234 qui-de
1243 1153 1323 1216 Bab-

257 1260 304 1321 rio
339 1261 546 1341 scripserunt,
583 1271 692 1323 tamen
730 1260 875 1325 laborem
911 1259 1055 1324 inutilem
1091 1281 1163 1322 eam
1188 1261 1232 1322 ob
1257 1281 1323 1323 rem

257 1387 328 1428 esse
363 1368 524 1443 existim0,
550 1369 639 1450 quod
662 1369 862 1449 argumentis
885 1369 964 1430 satis
987 1368 1087 1430 firmis
1110 1369 1323 1430 demonstrari

257 1485 367 1555 potest
401 1475 462 1538 hos
498 1495 610 1538 uersus
645 1496 664 1536 a
699 1474 827 1538 librario
873 1477 1043 1557 apposltos
1085 1495 1165 1538 esse.
1230 1476 1323 1537 Theo

257 1601 429 1662 progymn.
466 1583 520 1657 ΙΙΙ,
563 1601 601 1660 14
625 1581 750 1672 ¹(Walz.
777 1583 871 1646 Rhet.
898 1583 1013 1646 Graec.
1046 1584 1159 1663 lpag.
1191 1580 1272 1667 179),
1297 1584 1324 1644 si

256 1687 362 1750 locum
394 1688 615 1752 difficillimum
644 1700 730 1752 recte
754 1691 982 1771 interpretatus
1006 1701 1055 1752 est
1079 1689 1180 1752 Walz.
1206 1688 1236 1774 (l.
1260 1689 1280 1752 l.
1297 1711 1322 1752 S.

256 1795 334 1875 lin),
370 1797 461 1858 cuius
495 1798 783 1877 interpretationen
808 1797 918 1872 affero,
944 1818 1004 1859 nos
1027 1798 1145 1859 edocet
1168 1817 1323 1860 nonnum-

257 1923 355 1984 quam
390 1903 547 1978 susficere,
573 1905 599 1966 si
622 1905 655 1965 in
680 1906 828 1966 oratione
851 1904 1008 1967 allusione
1028 1905 1168 1967 breuiter
1184 1925 1323 1968 comme·

257 2021 398 2072 moretur
433 2009 550 2085 sabula,
587 2012 676 2093 quod
712 2023 920 2094 praeceptum
952 2011 1112 2075 hocloco
1137 2012 1323 2079 obseruauit

194 2113 199 2122 ’
256 2117 400 2180 Babrius.
449 2119 578 2181 Deinde
606 2120 694 2200 quod
718 2121 844 2181 monuit
868 2119 1124 2194 Rutherfordius,
1155 2140 1229 2181 curn
1263 2141 1322 2182 usu
1409 2181 1410 2186 ,

256 2226 386 2287 dicendi
409 2226 571 2288 Babriano
596 2226 696 2289 multo
720 2226 834 2288 melius
858 2238 1014 2308 congruet
1038 2227 1143 2301 lecti0,
1168 2229 1194 2289 si
1212 2247 1323 2290 uersus

258 2345 340 2410 3-5
378 2333 468 2395 uncis
492 2333 722 2396 incluserimus
772 2334 813 2395 lis
848 2335 933 2396 enim
958 2333 1073 2396 deletis
1097 2336 1246 2416 repetitio
1270 2334 1323 2397 illa

256 2440 428 2502 uerborum
456 2442 600 2515 exsistet,
637 2461 734 2522 quarn
766 2441 883 2503 Babrio
908 2443 1087 2523 ceterisque
1110 2441 1266 2523 sophistis
1290 2444 1322 2505 in

256 2547 377 2610 deliciis
414 2547 511 2610 luisse
545 2547 676 2627 Crusius
712 2545 820 2632 (Babr.
858 2560 919 2612 aet.
957 2569 1032 2630 pag.
1060 2548 1134 2633 200)
1158 2561 1191 2612 et
1216 2550 1257 2611 ab
1281 2569 1322 2612 eo

256 2655 404 2735 pendens
456 2655 703 2718 Rutherfordius
748 2657 780 2718 in
825 2657 967 2719 editione
1001 2657 1320 2721 demonstrauerunt.

256 2762 317 2824 His
340 2764 436 2842 igitur
460 2764 566 2824 causis
590 2764 751 2826 adductus
776 2784 842 2826 non
866 2764 981 2826 dubito
999 2784 1072 2826 cum
1090 2764 1321 2827 Rutherfordio

255 2880 396 2932 statuere
419 2869 582 2932 librarium
607 2871 781 2951 quendam,
807 2893 907 2952 quum
929 2873 1052 2934 uideret
1069 2871 1220 2945 fabulam,
1239 2893 1322 2952 quae

255 2979 296 3040 de
331 2977 490 3040 aetatibus
526 2975 586 3040 illis
609 2989 763 3053 narratur,
789 2999 883 3042 uersu
906 2979 1051 3041 secundo
1076 2981 1236 3060 prooemii
1252 2980 1320 3042 bre·

256 3086 336 3148 uiter
370 3096 669 3158 commemoratam,
705 3087 766 3148 hac
796 3107 830 3148 re
854 3097 1053 3148 commotum
1078 3107 1150 3150 esse
1176 3097 1210 3149 ut
1234 3086 1320 3150 sabu—
1385 3081 1387 3086 ’

255 3191 319 3256 lam
343 3192 430 3256 illam
455 3191 584 3273 plenam
609 3213 650 3254 ex
676 3193 825 3256 Hesiodo
849 3193 1044 3256 transferret.
1086 3193 1321 3258 Verumtamen

255 3321 327 3363 eam
340 3301 384 3362 ob
397 3321 464 3364 rem
475 3323 541 3365 non
554 3301 729 3383 prohibeor
741 3300 857 3364 Crusio
870 3299 961 3384 (prol.
977 3321 1052 3382 pag.
1066 3300 1202 3385 XXXII)
1214 3323 1320 3366 assen-

255 3409 305 3470 tiri
329 3408 490 3490 exemplis
514 3408 742 3488 comprobanti
766 3409 919 3470 Babrium
944 3411 1065 3489 scripta
1090 3409 1227 3472 Hesiodi
1252 3431 1321 3491 per·
1347 3397 1350 3404 ’

159 3532 162 3537 ·
255 3517 395 3591 nouisse,
429 3527 527 3599 atque
551 3518 591 3580 ad
617 3538 665 3593 ea,
690 3539 776 3600 quae
800 3519 1013 3598 deprompsit,
1040 3537 1099 3598 pro
1123 3516 1203 3580 uirili
1229 3529 1320 3599 parte

255 3623 436 3686 addiderim
461 3626 561 3706 ipsius
585 3624 713 3706 prologi
738 3626 750 3687 Ι
774 3646 855 3688 uers¹
888 3641 934 3686 12:
954 3622 1067 3704 ἐφύετ’
1083 3625 1122 3686 ἐκ
1134 3625 1199 3704 γῆς
1210 3625 1324 3700 πάνταΙ

256 3727 360 3812 μηδὲν
398 3731 571 3812 αἰτούσης,
617 3734 671 3814 qui
711 3734 788 3795 mihi
827 3733 905 3795 satis
941 3741 1053 3813 aperte
1078 3751 1211 3795 monere
1234 3734 1319 3794 uide-

254 3849 306 3899 tur
328 3838 370 3900 de
386 3837 524 3902 Hesiodi
541 3838 605 3920 Op.
624 3851 657 3902 et
670 3841 710 3902 D.
723 3861 804 3902 uers.
824 3856 898 3919 117:
912 3837 1046 3917 καρπὸν
1058 3836 1198 3919 δ’ἔφερε
1208 3837 1318 3913 ζείδω-

254 3965 317 4022 ρος
352 3946 491 4026 ἄρουρα
526 3947 698 4028 αὐτομάτη
732 3945 859 4010 πολλόν
888 3945 1004 4008 τεκαὶ
1028 3946 1194 4027 ἄφθονον,
1223 3966 1318 4027 quem

255 4073 382 4116 uersum
407 4055 504 4116 etiam
529 4053 650 4116 Ouidio
675 4056 841 4135 cognitum
867 4073 938 4116 esse
962 4065 1099 4135 apparet
1123 4075 1164 4116 ex
1186 4055 1317 4117 Metam.

256 4161 277 4232 Ι,
309 4163 488 4224 rot-406.
