3260 4882
662 393 898 475 4161

337 623 493 686 Fabulam
533 639 573 704 59
609 625 741 694 Crusins
777 626 893 710 (Babr.v
920 637 981 704 aet.
1019 647 1093 709 pag.
1121 625 1196 712 211)
1220 649 1293 690 cum

228 729 394 793 Aristotel.
427 731 468 793 de
493 739 588 812 partt.
614 733 711 795 anim.
732 725 792 808 ΙΙΙ,
820 749 836 795 2
862 745 894 796 et
919 732 1052 796 Lucian.
1078 725 1225 796 Hermot.
1254 751 1295 798 20

228 836 371 901 contulit.
420 837 474 900 Ad
500 841 584 902 idem
610 839 676 902 sere
699 857 804 922 genus
828 839 1018 916 fabularum,
1036 863 1102 923 quo
1119 843 1296 920 certamina

228 947 362 1008 deorum
386 946 662 1022 describebantur,
689 949 786 1009 etiam
812 947 926 1011 Phadr.
952 947 1006 1024 111,
1037 965 1084 1028 17,
1103 969 1167 1031 qua
1183 959 1296 1011 auctor

227 1051 309 1115 deos
332 1031 473 1131 arbores,
502 1073 602 1136 »quas
625 1056 659 1130 in
681 1054 781 1117 tutela
804 1075 862 1117 sua
886 1075 958 1118 esse
983 1053 1110 1132 uellent,
1128 1055 1292 1138 legentes»

228 1160 364 1235 induxit,
389 1161 549 1242 pertinere
573 1181 700 1225 censeo.
1280 1161 1284 1168 '

335 1266 381 1330 Vt
402 1267 434 1330 in
452 1261 559 1331 sabula
576 1288 618 1348 49
636 1269 750 1350 Tyche
767 1268 961 1332 calumniam
981 1270 1146 1332 hominum
1164 1272 1296 1352 indigne

229 1374 334 1437 serens
369 1374 535 1437 meliorem
572 1375 691 1438 lamam
727 1377 855 1459 assequi
892 1376 1010 1451 studet,
1040 1378 1084 1440 ita
1108 1379 1139 1439 in
1165 1375 1227 1439 sab.
1255 1394 1291 1458 71

228 1481 386 1545 Thalassa
400 1482 522 1545 homini
540 1482 727 1546 uiolentiam
740 1484 1002 1566 reprehendenti:
1020 1511 1032 1541 >1
1038 1483 1081 1566 μή
1094 1505 1166 1566 με»,
1184 1486 1294 1566 inquit,

232 1588 451 1674 »βλασφήμεν
477 1589 545 1670 ἐγὼ
561 1590 630 1670 γὰρ
646 1589 722 1672 ὑμῖν
738 1589 843 1653 οὐδὲν
859 1591 946 1671 αἰτίη
963 1589 1101 1666 τούτων,
1119 1581 1237 1673 dueum
1254 1589 1294 1653 δὲ

227 1696 370 1775 πάντως,
407 1695 454 1760 ὧν
487 1697 555 1780 ἐγὼ
580 1697 665 1780 μέση
689 1703 830 1782 κεῖμαι».
880 1699 1029 1762 Ceterum
1055 1687 1296 1764 obseruandum

227 1814 277 1866 est
312 1804 474 1886 agricolae
509 1805 618 1880 uerba,
654 1827 738 1888 quae
763 1819 838 1869 sunt
862 1827 942 1870 uers.
970 1824 999 1886 3,
1025 1807 1065 1868 ad
1092 1809 1296 1882 sententiam,

227 1930 311 1992 quae
335 1911 461 1975 Horatii
486 1931 584 1975 carm.
610 1913 634 1988 Ι,
661 1930 690 1993 3,
708 1931 828 1998 95-11:
860 1911 925 1994 »Illi
943 1892 1041 1975 robur
1057 1924 1090 1976 et
1106 1931 1162 1976 aes
1178 1912 1296 1995 triplex

228 2017 321 2082 Circa
357 2029 470 2101 pectus
505 2031 583 2096 erat,
620 2022 674 2102 qui
705 2020 849 2103 fragilem
875 2022 954 2083 truci
982 2019 1153 2084 Commisit
1178 2020 1296 2102 pelago

200 2135 348 2188 'ratemn
395 2125 518 2202 subest,
564 2148 668 2209 prope
706 2128 872 2204 accedere,
914 2149 1012 2210 quam
1052 2129 1297 2210 congruentiam

228 2243 338 2296 tamen
362 2234 494 2298 fortuito
518 2246 622 2298 ortam
647 2255 719 2298 esse
743 2256 842 2316 posse
867 2237 1113 2299 concedendum
1139 2247 1197 2299 est.

335 2343 464 2404 Praeter
499 2333 690 2427 argumenta
723 2363 763 2405 ea
787 2344 906 2419 omnia,
932 2363 1015 2425 quae
1038 2363 1137 2424 supra
1160 2353 1298 2406 tractata

228 2461 313 2524 sunt,
339 2449 380 2513 ad
405 2460 507 2512 artem
534 2450 696 2512 rhetorum
722 2450 907 2513 referendas
931 2471 1002 2513 esse
1026 2453 1231 2514 statuendum
1249 2462 1298 2514 est

229 2558 325 2619 etiam
363 2555 487 2619 fabulas
522 2556 656 2640 aliquas,
683 2577 767 2640 quae
790 2579 889 2638 quum
915 2570 1106 2640 argumenta
1131 2559 1298 2621 obscoena

229 2663 415 2739 exhibeant,
446 2665 477 2726 in
501 2664 629 2748 sylloge
652 2664 809 2746 Aesopea
832 2666 966 2746 antiqua
990 2665 1090 2728 lectas
1114 2686 1185 2728 esse
1210 2667 1296 2728 credi

229 2791 295 2834 non
336 2779 454 2853 potest.
506 2773 589 2834 Nam
631 2773 811 2835 modestiae
850 2771 1029 2835 fabularum
1069 2772 1296 2835 collectionum

229 2879 456 2960 Aesopearum
482 2899 595 2961 parum
620 2881 832 2942 conuenirent
855 2879 978 2956 sordes,
1002 2900 1085 2962 quae
1108 2880 1158 2942 his
1183 2879 1298 2942 fabulis

229 2989 346 3050 insunt.
400 2987 434 3050 Ir1
472 2985 718 3050 collectionibus
753 2998 861 3050 autem
898 2989 1024 3068 graecis
1058 2986 1182 3068 aliquot
1217 2987 1298 3050 tales

229 3097 429 3180 narrationes
453 3093 559 3157 locum
584 3095 736 3158 habuisse
760 3095 835 3157 inde
852 3093 1113 3156 concludendum
1133 3105 1191 3174 est,
1209 3097 1297 3176 quod

228 3211 261 3264 et
296 3203 326 3265 in
364 3202 445 3265 libro
481 3201 600 3265 Halmii
636 3213 827 3284 argumenta
863 3201 979 3264 similia
1014 3203 1220 3264 inueniuntur
1243 3201 1295 3282 (cs.
1363 3191 1366 3203 ’

229 3309 338 3372 Halm.
365 3327 394 3392 7,
425 3313 498 3392 148)
522 3322 554 3372 et
579 3310 743 3372 Phaedrus
767 3331 808 3371 ex
833 3309 1025 3372 collectione
1049 3327 1167 3392 graeca
1188 3311 1297 3371 nescio

229 3437 294 3498 qua
318 3418 404 3480 haud
429 3438 534 3498 pauca
559 3418 621 3481 huc
646 3417 815 3480 referenda
840 3416 962 3497 petiuit.
1011 3415 1056 3478 Vt
1080 3415 1135 3491 ΙΙΙ,
1165 3432 1212 3492 11;
1238 3415 1296 3491 lV,

234 3525 286 3601 163
323 3525 379 3599 IV,
422 3541 459 3606 19
483 3523 626 3610 (Havet.)
653 3545 768 3588 omnes
796 3525 837 3586 ad
862 3525 1020 3605 originem
1045 3541 1196 3603 graecam
1222 3521 1297 3585 rel-

230 3633 349 3695 rendae
373 3651 444 3694 esse
467 3632 617 3696 uidentur
639 3631 690 3716 (cs.
713 3631 825 3695 Halm.
852 3648 916 3710 319
939 3656 984 3688 :
1004 3629 1138 3692 Phaedr.
1157 3629 1214 3704 IV,
1237 3627 1295 3713 19).

230 3739 358 3803 Praeter
381 3739 440 3802 has
464 3739 590 3802 fabulas
614 3739 702 3821 apud
728 3739 891 3801 Havetum
916 3737 978 3820 (ed.
1000 3757 1075 3820 pag.
1094 3740 1150 3815 49)
1168 3737 1297 3798 inuenio

225 3849 326 3910 etiam
365 3846 506 3909 fabulam
543 3845 597 3923 ΙΙΙ,
639 3864 648 3909 1
687 3847 729 3908 ab
765 3844 877 3909 Ellisio
901 3846 1101 3927 argumentis
1125 3844 1298 3906 obscoenis

229 3954 375 4018 additam
411 3974 492 4016 esse.
541 3953 665 4016 Fabula
688 3964 795 4016 autem
821 3953 955 4016 Phaedr.
982 3951 1036 4028 ΙΙΙ,
1064 3969 1092 4031 3,
1118 3952 1208 4014 cuius
1234 3950 1296 4014 alio

229 4061 303 4125 loco
327 4063 449 4125 mentio
474 4060 558 4124 lacta
582 4071 640 4136 est,
667 4071 781 4123 natura
804 4080 864 4124 sua
885 4079 1018 4142 asupra
1035 4060 1298 4122 commemoratis

230 4170 328 4263 longe
364 4169 492 4248 recedit.
541 4167 635 4261 Quae
670 4189 769 4258 quum
806 4170 850 4238 ita
884 4170 958 4248 sint,
992 4178 1135 4234 statuere
1160 4185 1292 4228 necesse

1230 4323 1258 4368 11
