3244 4868
600 355 603 362 '
715 349 948 414 v-68-

326 567 525 630 commoueri
550 586 723 646 possumus
748 576 782 628 ut
805 565 975 628 credamus
998 585 1054 627 eas
1078 585 1120 626 ex
1143 563 1271 645 sylloge
1287 563 1392 625 Aeso-

327 693 391 754 pea
426 675 559 754 antiqua
594 673 728 736 haustas
761 693 843 736 esse,
891 673 976 734 Nam
1000 673 1033 734 in
1057 672 1193 734 Phaedri
1218 671 1396 752 prologol

328 783 483 844 docemur
518 781 606 861 apud
642 781 814 862 Aesopum
841 779 942 842 lectas
966 799 1038 842 esse
1062 778 1197 855 fabulas,
1222 781 1253 841 in
1279 779 1396 861 quibus

327 889 460 954 arbores
494 887 710 970 loquerentur.
759 888 866 950 Etiam
901 887 1083 950 Phaedrum
1119 885 1290 950 nonnullas
1326 887 1395 949 eius

327 998 454 1077 generis
478 995 605 1058 fabulas
628 995 774 1058 attulisse
797 1016 839 1058 ex
863 995 971 1058 uerbis
994 995 1062 1058 eius
1086 1005 1237 1075 apparet:

458 1102 655 1168 Calumniari
678 1105 705 1165 si
729 1104 800 1184 quis
824 1112 932 1166 autem
956 1101 1104 1177 uoluerit,
1262 1103 1264 1109 ’

458 1210 557 1292 Quod
585 1211 717 1274 arbores
740 1209 922 1292 loquantur,
948 1196 1022 1273 non
1038 1220 1164 1274 tantum
1189 1209 1285 1285 ferae,

457 1319 556 1382 Fictis
579 1319 678 1380 iocari
702 1339 763 1382 nos
787 1319 967 1382 meminerit
992 1317 1116 1382 sabulis.

435 1427 551 1490 Postea
575 1435 684 1488 autem
708 1447 773 1488 una
795 1425 866 1488 sola
890 1435 1031 1506 excepta
1054 1423 1162 1510 (Rom.
1188 1424 1242 1499 ΙΙΙ,
1272 1425 1333 1503 14),
1354 1424 1396 1485 de

216 1541 223 1551 '
329 1557 393 1618 qua
416 1555 515 1615 supra
539 1535 675 1614 egimus
700 1553 718 1596 e
742 1532 831 1596 libris
854 1535 924 1597 eius
947 1534 1070 1596 incuria
1093 1531 1295 1594 librariorum
1312 1531 1396 1593 exci-

328 1644 454 1706 derunt.
503 1642 630 1706 Deinde
666 1642 693 1704 si
729 1639 908 1704 fabularum
944 1640 1079 1702 duarum
1103 1639 1212 1702 Babrii
1236 1638 1395 1718 composi·

327 1753 449 1813 tionem
485 1745 682 1830 respicimus,
720 1749 905 1811 narratione
940 1747 1030 1811 breui
1064 1756 1097 1810 et
1124 1745 1262 1828 simplici
1286 1751 1395 1808 earum

326 1859 488 1920 sententia
515 1855 567 1918 illa
591 1857 689 1918 etiam
714 1856 818 1936 magis
842 1855 1059 1918 confirmatur.
1105 1854 1154 1930 'Vt
1177 1874 1196 1916 a
1221 1851 1329 1916 sabula
1345 1871 1346 1876 ¹
1354 1853 1395 1931 36

328 1966 529 2046 incipiamus,
566 1963 711 2028 eiusdem
747 1963 929 2044 argumenti
964 1960 1051 2042 apud
1088 1959 1196 2024 Halm.
1224 1977 1241 2039 3
1267 1958 1396 2022 fabulae

328 2082 469 2147 exstant,
506 2092 641 2154 quarum
677 2081 786 2134 tamen
826 2065 910 2150 179⁶,
944 2090 1043 2150 quum
1068 2089 1140 2132 eam
1165 2069 1207 2130 ad
1231 2068 1395 2130 rhetorum

233 2260 235 2264 Ι
328 2181 580 2244 exercitationes
603 2179 690 2241 haud
715 2177 814 2250 dubie
839 2179 997 2258 pertinere
1020 2197 1062 2238 ex
1078 2175 1186 2238 multis
1202 2173 1395 2238 concludere

328 2288 432 2363 liceat,
456 2288 520 2350 hoc
544 2287 674 2368 quidem
698 2285 772 2348 loco
797 2285 892 2348 nobis
916 2284 1203 2365 praetermittenda
1227 2291 1286 2345 est.
1313 2281 1392 2345 Ver-

327 2395 378 2458 bis
401 2396 487 2458 enim
511 2395 753 2474 copiosissimis,
779 2412 899 2473 magna
923 2412 965 2454 ex
989 2401 1081 2474 parte
1097 2391 1290 2470 synonymis
1306 2389 1394 2452 labo·

327 2513 385 2577 rat,
411 2513 445 2564 ut
468 2503 500 2563 in
524 2501 616 2562 initio
641 2498 781 2564 fabulae:
807 2497 865 2561 διὰ
887 2497 1072 2578 καρτερίαν
1094 2495 1151 2560 καὶ
1175 2495 1319 2577 ἡσυχίαν
1334 2493 1391 2558 καὶ

326 2607 421 2689 ἰσχύν
439 2657 535 2672 .....
553 2618 586 2670 et
607 2607 753 2670 oratione
775 2605 907 2688 obliqua
924 2605 1023 2668 uerba
1039 2625 1249 2686 personarum
1267 2602 1396 2666 fabulae

328 2718 428 2791 affert,
463 2737 526 2797 qua
557 2716 600 2776 de
629 2736 663 2778 re
693 2714 732 2776 cs.
758 2715 902 2778 Theonis
926 2722 1217 2795 progymnasmata
1241 2709 1355 2796 (Walz.
1381 2710 1394 2771 Ι

328 2845 402 2906 pag.
433 2826 493 2903 176
509 2821 603 2906 sqq).
651 2821 795 2884 Fabulae
819 2832 926 2884 autem
955 2836 1015 2901 179
1039 2830 1072 2883 et
1100 2825 1174 2900 179⁶
1198 2838 1395 2901 quamquam

327 2952 383 2995 eas
418 2930 633 3012 paraphrases
662 2928 790 2992 sabulae
817 2929 998 2994 Babrianae
1022 2949 1094 2992 esse
1116 2930 1184 2991 iure
1208 2925 1394 3008 negandum

327 3049 385 3114 est,
411 3059 511 3119 quum
534 3035 643 3100 sabula
672 3052 732 3117 179
756 3036 871 3100 saltem
896 3037 1113 3098 narrationem
1136 3034 1290 3097 aBabrio
1307 3030 1395 3096 nullo

327 3146 427 3208 modo
452 3145 660 3226 pendentem,
687 3146 811 3208 ratione
835 3165 912 3207 uere
929 3143 1085 3224 Aesopea
1101 3142 1244 3217 breuem,
1262 3140 1393 3215 nudam,

326 3252 414 3316 nullo
450 3254 557 3316 studio
593 3253 814 3333 excogitatam
850 3251 1016 3332 praebeat,
1056 3251 1083 3312 si
1119 3269 1185 3312 non
1221 3249 1263 3310 ad
1294 3247 1396 3310 uerba

326 3370 484 3435 accurate,
514 3371 547 3424 at
570 3371 680 3422 tamen
704 3361 736 3422 in
761 3359 856 3422 rebus
880 3359 1032 3422 omnibus
1056 3378 1130 3422 cum
1155 3355 1263 3419 sabula
1287 3355 1396 3418 Babrii

326 3469 371 3532 ita
406 3479 596 3549 congruunt,
634 3479 669 3530 ut
705 3468 793 3530 haud
829 3465 927 3528 dubie
962 3466 1003 3528 ad
1041 3465 1163 3530 fontem
1188 3482 1394 3526 communem

326 3577 541 3658 antiquiorem
567 3574 660 3638 nullis
684 3575 847 3637 rhetorum
872 3574 986 3635 studiis
1009 3572 1188 3634 obnoxium
1205 3569 1395 3634 transferen-

326 3684 388 3746 dae
426 3684 498 3746 sint.
547 3683 755 3766 Quamquam
792 3683 889 3763 igitur
923 3701 1038 3742 omnes
1073 3701 1114 3742 ex
1149 3679 1267 3742 eodem
1304 3677 1394 3738 sonte

324 3791 457 3854 haustas
491 3813 563 3854 esse
588 3811 716 3864 cense0,
748 3798 858 3851 tamen
883 3787 1025 3851 fabulam
1050 3786 1158 3849 Halm.
1189 3801 1249 3866 179
1274 3785 1392 3848 breuis·

324 3900 439 3961 simam
463 3910 495 3962 et
519 3899 779 3962 uenustissimam
803 3898 845 3958 ad
862 3895 1000 3957 sormam
1017 3896 1182 3976 antiquam
1200 3892 1389 3974 Aesopeam

323 4009 457 4089 propius
481 4029 578 4088 quam
595 4006 690 4067 Babr.
711 4005 755 4084 36-
769 4014 800 4066 et
818 4002 925 4066 Halm.
949 4006 1022 4083 179⁶
1038 4001 1193 4064 accedere
1210 4000 1389 4064 statuerim.

323 4114 416 4195 Quae
451 4116 514 4180 ianr
550 4115 591 4176 de
628 4113 721 4174 Babr.
761 4112 801 4190 36
834 4122 866 4174 et
891 4110 997 4174 Halm.
1029 4127 1088 4190 179
1112 4109 1278 4189 disputata
1301 4116 1387 4180 sunl,
