3244 4868
666 415 842 492 ω29μή

221 645 256 688 se
282 626 521 706 excogitauisse
539 645 636 707 quam
654 625 833 707 reliquisset
850 636 962 688 auctor
978 645 1114 706 graecus
1131 636 1284 688 autumat.
1362 693 1364 698 ,

217 733 252 794 ln
308 731 392 794 libro‘
437 733 483 794 IV
530 735 609 795 dicit
655 733 826 814 Aesopum
873 743 1065 814 argumenta
1112 733 1282 807 inuenisse,

217 842 322 921 ipsum
370 850 479 903 autem
527 860 565 901 ea
612 839 786 920 perfecisse
831 852 865 904 et
903 823 1061 903 uersibus
1090 839 1170 920 prol.
1211 839 1282 913 1V2,

216 961 301 1026 4-5
351 948 447 1009 etiam
476 927 576 1008 'alios
622 967 718 1028 quam
766 947 956 1028 Aesopeum
1004 948 1125 1010 fontem
1173 968 1208 1009 se
1253 949 1283 1008 in

216 1073 309 1116 usum
348 1055 548 1116 conuertisse
586 1055 716 1117 indicat.
774 1055 874 1119 Recte
922 1056 1009 1118 enim
1050 1055 1197 1117 Havetus
1241 1055 1283 1116 ad

216 1162 301 1224 hunc
348 1161 455 1224 locum
500 1161 563 1246 (ed.
612 1179 703 1243 pag..
738 1164 793 1243 89)
841 1163 1078 1238 animaduertit,
1123 1163 1168 1224 »si
1207 1160 1285 1224 nihil

217 1269 363 1334 Phaeder
398 1279 525 1350 praeter
548 1269 674 1350 Aesopi
699 1268 825 1332 fabulas
847 1268 962 1333 solitus
985 1280 1072 1336 esset
1096 1269 1202 1332 lamae
1225 1279 1284 1336 tra-

215 1377 312 1452 dere„
328 1375 424 1438 alium
450 1377 595 1456 potuisse
620 1378 741 1440 omissa
764 1377 960 1458 inuestigare
981 1387 1013 1438 et
1029 1377 1182 1458 reperire3
1201 1394 1284 1458 quae

217 1495 326 1546 autem
361 1481 491 1546 aliunde
526 1484 695 1564 hausisset,
732 1485 757 1544 si
795 1484 965 1558 omisisset,
1000 1485 1121 1546 omissa
1136 1541 1138 1544 ,
1151 1503 1223 1546 esse
1246 1503 1284 1546 ea

217 1591 435 1652 diuinaturum
462 1589 559 1654 fuisse
583 1591 778 1654 neminem».
819 1592 855 1653 ln
881 1589 1018 1672 prologo
1043 1590 1078 1651 V.
1099 1611 1134 1653 se
1157 1601 1282 1654 tautum
1322 1640 1327 1652 .

218 1699 418 1760 auctoritatis
451 1699 555 1778 gratia
586 1697 713 1779 Aesopi
738 1716 856 1760 nomen
882 1699 1113 1779 interposuisse
1137 1718 1203 1760 non
1228 1699 1281 1760 du·

218 1805 301 1867 bitat
325 1807 530 1867 contendere.

328 1913 396 1974 Iam
432 1931 530 1994 supra
566 1915 751 1975 commonui
784 1933 825 1974 ex
861 1914 1054 1976 testimoniis
1090 1915 1282 1994 scriptorum

217 2020 423 2100 antiquorum
448 2021 514 2082 erui
540 2039 638 2100 posse
661 2019 869 2103 collectiones
895 2020 1068 2101 Aesopeos
1092 2021 1138 2084 sic
1155 2023 1285 2102 proprie

217 2127 321 2190 dictas
357 2127 545 2208 plerumque
579 2129 610 2191 in
645 2128 727 2190 duas
763 2139 872 2208 partes
895 2129 1016 2190 diuisas
1040 2147 1124 2190 esse:
1151 2127 1282 2190 alteram

221 2234 375 2314 »mythi»,
401 2234 533 2299 alteram
563 2235 720 2314 »reloior
749 2236 944 2315 inscriptam.
993 2236 1120 2298 Eodem
1145 2237 1217 2301 loco
1242 2237 1282 2298 in·

218 2342 323 2406 dicaui
346 2343 611 2422 ‹ex-argumentis
636 2363 654 2403 a
679 2342 826 2404 Phaedro
850 2354 882 2405 et
906 2343 1024 2406 Babrio
1048 2345 1195 2408 tractatis
1210 2363 1284 2406 con·

217 2448 302 2511 cludi
328 2469 426 2530 posse
450 2448 584 2514 alteram
609 2471 739 2531 quoque
763 2460 888 2530 partem
914 2449 984 2514 libri
1008 2449 1155 2531 Aesopei
1180 2451 1221 2516 ab
1246 2453 1284 2514 iis

217 2558 248 2619 in
285 2575 376 2618 usum
412 2571 602 2620 conuersam
633 2577 714 2620 esse.
763 2556 869 2639 Quam
894 2559 1087 2620 sententiam
1114 2558 1284 2639 probabili·

217 2679 306 2726 orem
343 2663 465 2726 faciunt
499 2666 596 2727 etiam
621 2666 722 2746 ipsius
746 2665 881 2727 Phaedri
906 2665 1006 2728 uerba
1030 2664 1110 2745 prol.
1136 2666 1159 2740 l,
1187 2681 1282 2745 3-—4,

217 2771 271 2834 uhi
295 2771 373 2834 dicit
397 2769 494 2834 libelli
518 2771 628 2834 dotem
654 2771 816 2852 duplicem
833 2791 913 2848 esse,
932 2773 1019 2853 quod
1037 2774 1134 2836 risum
1152 2784 1285 2836 moueat

217 2890 250 2940 et
284 2880 372 2960 quod
408 2879 557 2959 prudenti
592 2880 691 2944 uitam
727 2878 862 2943 consilio
899 2889 1039 2954 moneat,
1065 2900 1147 2960 quos
1171 2901 1284 2944 uersus

217 2985 259 3048 ad
294 2984 390 3048 talem
427 2987 523 3050 etiam
561 2986 658 3048 fontis
694 2988 834 3052 auctoris
870 2987 1061 3052 diuisionem
1098 2987 1285 3050 referendos

218 3113 290 3154 esse
313 3093 512 3156 crediderim.
956 3161 958 3164 ,

328 3198 400 3262 Tali
435 3201 532 3281 igitur
563 3201 642 3263 sonti
667 3201 824 3282 Aesopco
850 3201 1076 3264 ascribendum
1100 3223 1172 3266 esse
1189 3213 1284 3285 putes

218 3307 307 3388 quod
342 3317 450 3370 aetate
487 3307 607 3370 Tiberii
631 3309 835 3390 imperatoris
859 3311 890 3371 in
916 3308 1007 3372 Italia
1031 3309 1194 3372 Phaedrus
1218 3331 1283 3373 eas-

218 3414 292 3476 dem
331 3414 396 3477 iere
432 3435 481 3477 res
505 3418 687 3498 eademque
710 3436 810 3498 saepe
834 3417 934 3480 uerba
959 3417 1088 3498 profert,
1115 3439 1198 3500 quae
1222 3419 1284 3480 ine-

197 3533 294 3584 sunte
331 3523 425 3586 tertio
459 3534 535 3603 post
571 3523 733 3586 Christum
768 3524 898 3587 saeculo
931 3525 1065 3588 Babrius
1089 3527 1120 3589 in
1146 3525 1284 3607 Syriaa

218 3629 352 3691 Phaedri
390 3629 506 3692 sabulis
539 3630 625 3693 nullo
662 3633 761 3693 modo
798 3634 944 3712 pendens
980 3635 1105 3714 graecis
1137 3634 1284 3696 uersibus

218 3735 353 3798 inclusit.
416 3737 463 3798 Vt
497 3747 604 3800 autem
640 3737 825 3819 diligentius
860 3739 1048 3820 exploretur
1082 3762 1147 3822 quo
1183 3743 1283 3803 modo

219 3841 343 3905 iontem
379 3845 410 3904 in
447 3865 539 3906 usum
564 3865 657 3907 suum
682 3847 900 3908 conuerterint
924 3859 1083 3922 auctores,
1108 3848 1226 3929 quibus
1250 3851 1283 3916 in

218 3951 313 4012 rebus
346 3952 427 4013 inter
461 3973 496 4013 se
528 3935 656 4015 etcum
681 3953 771 4016 sonte
795 3955 1009 4030 consentiant,
1035 3957 1067 4017 in
1091 3955 1208 4036 quibus
1231 3956 1283 4018 hic

217 4069 272 4120 aut
304 4057 355 4120 ille
380 4059 420 4120 ab
446 4081 485 4121 eo
509 4060 691 4136 abhorreat,
717 4062 813 4123 etiam
840 4061 966 4124 fabulae
991 4064 1166 4125 eorundem
1193 4083 1283 4145 argu-

218 4176 400 4247 mentorum
434 4169 611 4246 prosaicae,
648 4189 732 4249 quae
766 4169 808 4230 ad
840 4181 983 4232 nostram
1008 4179 1148 4232 aetatem
1174 4192 1282 4251 perue-
