3244 4868
672 363 849 456 ..65-

334 588 371 650 In
406 589 523 651 eodem
560 589 742 671 fragmento
778 593 874 654 etiam
911 593 1050 674 uestigia
1080 593 1294 674 posteriorum

227 703 395 776 poetarum
421 697 550 759 dicendi
574 698 707 760 rationis
731 699 944 774 inueniuntur,
970 708 1006 761 ut
1028 700 1129 763 dictio
1145 719 1294 764 uersusa

229 803 415 886 »καθ’ὁμά»
443 805 541 866 etiam
565 806 653 886 apud
678 803 912 868 Callimachum
932 808 1098 887 reperitur.
1145 808 1182 870 ln
1199 828 1315 871 uersu-

181 965 183 970 .
229 924 244 990 5
282 911 477 974 adiectiuum
516 909 701 994 ιμύχατοςι
740 911 864 994 legitur,
901 914 990 995 quod
1024 917 1154 997 proprie
1178 925 1228 979 est
1250 945 1295 973 =
1397 954 1403 972 .

229 1019 389 1094 »intimus
407 1018 611 1096 abstrusus»;
630 1030 758 1101 praeter
773 1020 858 1082 hunc
875 1020 981 1084 locum
999 1023 1085 1085 idem
1099 1023 1293 1087 uocabulum

226 1115 364 1188 occurrit
386 1126 475 1206 apud
500 1125 713 1207 Apollonium
739 1127 905 1191 Rhodium
929 1128 952 1204 1,
976 1145 1051 1211 170:
1069 1131 1209 1213 ’μυχάτῃ
1227 1131 1294 1194 ἐνέ-

221 1231 338 1316 ιιιριιῲε
369 1234 479 1314 καλιῇ·
516 1235 604 1314 apud
640 1233 851 1316 Phocylidem
881 1248 957 1315 152:
983 1237 1153 1318 μυχάτοος
1176 1240 1294 1318 προλε-

224 1338 380 1418 λοιττότες
412 1339 540 1418 οἴκους
577 1342 667 1422 apud
703 1340 893 1424 Oppianum
917 1342 1000 1424 Cyn.
1025 1345 1181 1425 Ili-350:
1207 1344 1294 1410 οὐδ’·

224 1444 331 1510 ὕπνον
354 1447 548 1530 μυχάτοισιν
572 1446 640 1527 ἔχει
662 1448 757 1529 παρὰ
779 1449 922 1532 τέρμασι
944 1450 1078 1532 πέτρης.

292 1547 296 1553 ’
332 1555 368 1617 In
405 1575 498 1618 uersu
523 1554 695 1637 fragmenti
724 1573 756 1618 11
785 1559 930 1620 secundo
958 1560 1215 1642 »μεταχρόιιιοςι
1240 1563 1294 1625 ad-

224 1663 376 1726 iectiuum
400 1663 496 1727 nobis
525 1663 733 1726 difficultates
757 1675 877 1727 mouet.
926 1666 1061 1730 Rectam
1087 1669 1177 1731 uocis
1201 1670 1293 1732 inter-

224 1773 440 1850 pretationem
483 1771 602 1835 Suidas
639 1772 709 1834 sine
748 1772 848 1834 dubio
887 1772 1002 1849 attulit,
1043 1795 1143 1856 quum
1183 1777 1292 1840 uertit:

228 1876 267 1956 »ἡ
303 1879 352 1956 εἰς
385 1876 478 1962 ὕψος
512 1878 716 1962 φερομένη».
769 1879 926 1964 Scholion
961 1882 1049 1944 enim
1085 1883 1127 1944 ad
1153 1883 1291 1946 Hesiodi

227 1983 354 2067 Theog.
382 1985 456 2066 269,
481 1987 536 2050 ubi
560 1987 602 2050 de
627 1987 783 2068 Harpyiis
807 1988 928 2069 agitur:
998 2052 1000 2056 .

331 2093 367 2155 oi
390 2092 558 2176 ῥ’ἀνέμων
579 2096 714 2176 πνοιῇσι
735 2093 793 2157 καὶ
817 2096 951 2173 οἰωνοῖς
974 2095 1029 2178 ἅμ’
1056 2095 1214 2161 ἕπονται-

330 2201 452 2282 maraine
474 2200 689 2282 πτερύγεσσι·
715 2201 928 2286 μεταχρόνιοι
951 2204 1021 2284 γὰρ
1044 2203 1172 2268 ἴαλλον·

223 2309 452 2372 animaduertit
489 2307 665 2390 »Χρόιιοςι
703 2310 767 2374 hoc
783 2309 873 2373 eloco
902 2331 961 2392 pro
989 2309 1189 2392 »Οὐρανόςι
1217 2313 1290 2377 dici.

223 2417 349 2479 Eadem
395 2417 632 2498 significatione
670 2417 868 2498 Apollonius
907 2419 1057 2482 Rhodius
1094 2419 1291 2483 adiectiuum

226 2522 483 2606 ιμεταχρόιοος»
508 2526 550 2587 de
566 2524 659 2600 Iride,
677 2545 761 2606 quae
777 2524 871 2592 simul
887 2544 961 2590 cum
979 2526 1135 2608 Harpyiis
1152 2527 1290 2608 sugatur,

223 2631 346 2712 profert
369 2632 408 2708 II,
436 2647 513 2712 300:
541 2682 848 2696 ..........
874 2633 895 2713 ἡ
920 2631 1149 2714 δ’άνόρουσειι

332 2737 557 2823 Οὑλυμπότδε
580 2740 683 2821 θοῇσι
707 2739 907 2822 μεταχρονίη
930 2739 1144 2822 πτερύγεσσι.

223 2857 256 2910 et
280 2848 311 2908 in
335 2865 430 2910 uersu
453 2847 492 2922 ΙΙ,
521 2849 582 2928 587
607 2848 649 2910 de
673 2867 770 2912 naue:
798 2897 937 2910 .....
963 2847 1057 2932 ὑψοῦ
1074 2847 1114 2910 δὲ
1131 2869 1291 2931 μεταχρο-

222 2952 276 3035 νίη
299 2952 484 3037 πεφόρητο.
1106 3034 1108 3038 ¹

267 3087 269 3090 ·
328 3061 410 3125 Cum
424 3061 607 3142 fragmento
620 3062 813 3126 breuissimo
825 3062 893 3126 illo:
915 3061 1126 3144 »αἰπύκερως
1138 3062 1286 3146 ἔλαφος»

221 3170 419 3233 conserenda
443 3180 519 3232 sunt
543 3170 679 3233 Homeri
703 3169 766 3233 Od.
792 3172 832 3246 X,
863 3173 937 3250 158:

262 3277 304 3355 ὃς
327 3275 374 3356 ρά
398 3297 453 3360 μοι
475 3273 649 3361 ὑψίκερων
674 3275 805 3360 ἔλαφον
829 3278 936 3360 μέγαν
961 3279 1010 3356 εἰς
1034 3277 1119 3341 ὁδὸν
1146 3278 1254 3361 αὐτὴν

263 3382 347 3464 ἡκεν
372 3434 918 3448 .................
937 3419 952 3448 v.

327 3491 477 3555 Ceterum
495 3491 645 3556 hocloco
658 3494 919 3556 animaduersum
933 3492 1029 3556 uelim
1043 3493 1289 3558 Alexandrinos

218 3607 335 3682 poetas
376 3621 476 3663 uoces
516 3601 579 3662 hoc
622 3601 722 3663 modo
762 3603 963 3682 compositas
1009 3612 1045 3665 ut
1087 3601 1287 3682 αἰπύκερως,

220 3707 404 3786 ἀείπλανος
445 3708 617 3790 fragmenti
659 3711 753 3790 primi
793 3731 892 3790 quam
928 3711 1070 3772 maxime
1105 3712 1137 3772 in
1167 3709 1290 3774 deliciis

219 3815 380 3891 habuisse,
417 3835 523 3897 neque
558 3817 685 3892 desunt,
711 3818 765 3899 qui
790 3817 1008 3898 fragmentum
1033 3820 1172 3900 primum
1197 3818 1288 3882 Calli·

219 3923 336 3985 macho
361 3911 577 4005 ascripserint,
604 3944 667 4005 qua
692 3924 734 3986 de
758 3945 791 3986 re
816 3926 892 3987 uide
916 3925 1006 3988 Crus.
1032 3927 1084 3988 ed.
1110 3947 1186 4017 pag..
1213 3941 1287 4006 215.

219 4029 280 4092 His
314 4032 467 4094 omnibus
502 4042 686 4094 commotus
720 4033 870 4114 equidem
897 4032 1023 4095 fabulas
1047 4032 1117 4096 illas
1141 4034 1289 4102 uersibus

218 4137 388 4218 dactylicis
424 4139 567 4220 prolatas
603 4161 621 4202 a
650 4142 756 4222 poetis
780 4151 947 4202 auctorum
973 4143 1191 4221 antiquiorum
1216 4143 1288 4202 scri·

1238 4298 1252 4352 5
