3244 4868
669 362 847 440 ...69-

224 576 337 638 eadem
374 575 470 637 etiam
506 574 548 637 de
582 575 678 637 Babr.
714 576 758 653 64
793 586 826 637 et
860 575 968 638 Halm.
1008 589 1066 656 125
1093 573 1201 638 ualere
1225 597 1290 640 non

224 681 353 745 difficile
387 691 437 744 est
471 683 622 745 inuenire.
670 682 706 746 Si
740 684 837 763 igitur
860 683 924 746 iarn
948 704 990 745 ex
1014 685 1061 760 iis,
1087 703 1171 765 quae
1193 704 1291 766 supra

223 790 311 853 dicta
345 799 429 865 sunt,
466 789 636 854 uerisimile
659 811 732 853 esse
756 791 882 852 uidetur
904 790 1058 858 Babrium
1082 790 1142 854 has
1167 790 1292 854 fabulas

223 917 266 960 ex
289 897 427 978 Aesopo
451 898 629 978 sumpsisse
653 907 685 960 et
709 899 739 960 in
765 899 872 980 priore
896 918 955 960 suo
979 896 1061 960 libro
1085 896 1240 975 attulisse,
1257 899 1291 961 id

224 1004 413 1086 fragmentis
437 1004 616 1086 dactylicis
643 1026 726 1086 quae
750 1007 782 1069 in
807 1005 922 1068 iisdem
946 1006 1145 1086 argumentis
1164 1026 1290 1070 uersan-

223 1121 275 1174 tur
308 1121 341 1174 et
376 1132 451 1176 cum
488 1111 603 1175 sabulis
638 1112 760 1175 Halmii
782 1133 882 1193 supra
905 1114 1051 1176 tractatis
1074 1113 1162 1176 haud
1186 1115 1292 1176 minus

224 1239 322 1301 quam
358 1240 430 1282 cum
466 1220 637 1282 Babrianis
672 1220 856 1295 cohaerent,
893 1221 1011 1283 certius
1034 1221 1130 1284 nobis
1153 1221 1198 1284 fit.
1245 1221 1292 1284 Vt

223 1329 469 1408 congruentiam
494 1328 675 1402 ostendam,
700 1328 781 1390 haec
805 1329 967 1408 excerpsi:
1242 1326 1245 1332 '

280 1435 458 1516 Fragmz,
481 1453 512 1498 1:
555 1433 669 1515 ἠχήεις
710 1435 879 1498 ἐτάνυσσε
920 1434 1034 1521 βαλὼν
1072 1435 1292 1516 προκάρηνον

1116 1541 1222 1624 ἀήτης
1245 1569 1290 1602 =

179 1730 181 1734 Ι
279 1650 374 1713 Babr.
402 1653 452 1730 36,
478 1648 608 1729 1:9in
619 1649 799 1740 αὺτόριζομ
809 1647 1292 1732 ἄνεμοςέξόρουςᾶρας...;

280 1756 389 1822 Halm.
420 1773 495 1838 179:
536 1755 623 1838 δρῦν
661 1759 789 1840 ἄνεμος
827 1755 1016 1836 ἐκριζώσας
1055 1760 1092 1820 ἐν
1130 1760 1268 1842 ποταμῷ

358 1853 361 1858 ’
1138 1863 1290 1949 ἔρριψεν.

223 1982 264 2035 ετ
280 1973 409 2054 Fragm.
428 1991 457 2049 2,
477 1990 511 2038 2:
546 1973 697 2037 ἕστασαν
721 1971 806 2036 οὐδὲ
828 1973 939 2057 κόμας
961 1975 1109 2057 ψαφαρῇ
1132 1971 1291 2056 μεμίαντο

1042 2078 1044 2084 ’
1090 2117 1092 2124 ·
1126 2080 1222 2162 κονίῃ
1246 2107 1291 2138 z

279 2189 375 2252 Babr.
403 2190 454 2268 36,
476 2206 513 2266 4:
538 2185 645 2266 πολὺς
668 2187 709 2251 δὲ
731 2190 887 2273 κάλαμος
904 2188 1119 2269 ἑκατέρωθεν
1135 2187 1289 2268 εἱστήκει.

331 2296 382 2358 Ex
407 2294 526 2371 fabula,
553 2317 637 2378 quae
661 2299 748 2380 apud
769 2297 922 2361 Babrium
940 2307 990 2360 est
1005 2298 1058 2376 64,
1076 2298 1164 2378 apud
1181 2294 1290 2360 Halm.

228 2417 298 2484 125,
324 2403 505 2485 fragmenta
529 2415 684 2484 excerpta
707 2405 788 2468 haec
812 2407 908 2468 nobis
931 2405 1036 2468 attulit
1060 2404 1192 2469 Suidas:

279 2511 409 2593 Fragm.
434 2529 470 2590 4:
518 2510 669 2592 αἰπεινὴν
712 2512 835 2592 ἐλάτην
878 2510 950 2593 ἔρις
993 2508 1127 2592 ὤρορεν
1165 2510 1292 2574 αἴσυλα

1078 2619 1226 2701 φάσθαι..
1245 2644 1290 2676 z:

279 2726 375 2789 Babr.
400 2726 453 2804 64,
481 2743 510 2789 1:
529 2724 646 2806 ἤριζον
662 2727 764 2807 ἐλάτη
780 2726 837 2790 καὶ
856 2727 961 2814 βάτος
972 2724 1062 2805 πρὸς
1073 2724 1233 2806 ἀλλήλας.
1247 2751 1292 2784 z

283 2832 393 2897 Halm.
424 2847 499 2914 125:
526 2833 628 2913 ἐλάτη
651 2835 851 2916 καυχωμένη
874 2836 913 2915 τῇ
941 2833 1032 2920 βάτῳ
1056 2831 1183 2913 ἔλεγεν.

224 2951 257 3004 et
280 2942 409 3023 Fragm.
440 2959 492 3021 19:
518 2943 684 3019 αἰπειναίς
705 2919 842 3020 ἐλάταις
852 2939 965 3022 ἔρισεν
977 2937 1292 3028 βάτος.ἣμὲνέειπε

514 3049 571 3112 καὶ
593 3051 681 3128 ναῦς
699 3048 756 3112 καὶ
771 3047 878 3130 νηοὺς
892 3047 1076 3132 τεμνομένη
1092 3048 1228 3112 τελέειν,
1245 3073 1291 3106 =
1385 3042 1386 3046 ’

281 3157 374 3220 Babr.
400 3157 453 3235 64,
479 3170 510 3237 5:
547 3156 671 3237 στέγης
705 3177 742 3221 τε
776 3155 951 3240 μέλαθρόν
985 3157 1048 3240 εἰμι
1082 3155 1139 3219 καὶ
1173 3154 1291 3235 τρόπις

508 3313 510 3317 ,
1086 3262 1220 3328 πλοίων,
1245 3289 1290 3322 -;

280 3372 387 3436 Halm.
417 3389 455 3436 12
461 3386 492 3452 5:
519 3371 586 3453 ἐγὼ
611 3373 648 3436 ἐν
660 3369 797 3452 στέγεσί
810 3393 877 3435 που
891 3369 1082 3454 χρησιμεύω
1097 3369 1154 3434 καὶ
1170 3370 1288 3449 οἴκοις.

330 3480 455 3544 Fabula
479 3481 574 3544 Babr.
602 3493 640 3561 75
667 3482 755 3544 unde
779 3501 798 3544 a
819 3481 978 3561 principio
996 3479 1133 3555 fluxerit,
1151 3489 1291 3542 statuere

225 3609 296 3652 earn
332 3589 376 3652 ob
412 3609 478 3651 rem
507 3587 637 3652 difficile
660 3598 719 3663 est,
744 3589 833 3669 quod
857 3588 1057 3651 narrationes
1081 3607 1149 3663 eae,
1175 3587 1292 3668 quibus

224 3697 266 3758 de
293 3697 493 3760 medicorum
518 3698 679 3778 pronitate
703 3706 735 3758 et
759 3695 960 3776 malignitate
984 3697 1099 3776 agitur,
1124 3696 1155 3757 in
1180 3695 1292 3758 litteris

224 3804 364 3885 antiquis
399 3805 482 3866 adeo
518 3806 600 3868 inter
630 3824 666 3866 se
689 3802 845 3866 confusae
869 3814 952 3878 sunt,
977 3813 1012 3865 ut
1037 3803 1141 3866 forma
1165 3802 1293 3866 fabulae

225 3910 375 3991 primaria
399 3912 543 3993 protrahi
567 3913 622 3974 uix
648 3912 752 3992 possit
775 3911 828 3990 (cl.
854 3931 937 3993 quae
953 3910 1075 3974 habent
1091 3909 1223 3974 Crusius
1239 3912 1291 3973 ed.

224 4038 299 4098 pag.
330 4034 388 4098 192
413 4019 456 4081 de
479 4019 574 4081 Babr.
601 4035 674 4093 221,
700 4018 736 4080 pr
765 4035 835 4093 101,
856 4018 965 4081 Halm.
987 4032 1049 4099 150
1065 4030 1097 4082 et
1113 4018 1290 4082 Hausrath.

224 4124 243 4187 l.
275 4125 294 4188 l.
321 4147 395 4207 pag.
423 4129 485 4205 318
510 4126 552 4189 de
577 4125 684 4189 Halm.
715 4141 785 4206 107,
816 4126 885 4205 136,
917 4125 997 4210 169).
1045 4126 1181 4207 Aliquid
1206 4146 1293 4188 com·
