3244 4868
787 371 962 430 ..2g-.

342 602 398 642 nes
433 580 484 664 (cf.
511 579 590 661 prol.
617 581 640 654 l,
666 580 697 662 4)
722 601 794 643 esse
818 581 922 657 fictos
948 594 1045 663 atque
1069 583 1101 643 in
1125 583 1171 644 eis
1198 581 1338 644 fabulam
1364 581 1407 642 su-

340 690 404 750 isse
435 689 667 763 adiumentum,
693 700 727 751 ut
752 689 795 751 ita
819 688 935 764 dicam,
961 691 1140 754 sententiae
1165 688 1305 752 moralis.
1353 688 1407 752 Ob

342 816 414 858 eam
447 816 513 857 rem
538 808 624 858 recte
648 796 825 858 conicimus
850 797 1066 860 narrationem
1091 798 1122 859 in
1147 797 1193 859 eis
1218 796 1316 859 luisse
1339 797 1407 858 bre-

275 971 278 976 ,
342 923 427 978 uem,
463 904 593 977 nudam,
631 904 677 964 ira
712 902 807 978 nulla,
844 902 931 965 nullo
955 905 1063 966 studio
1087 906 1317 985 excogitatam,
1343 905 1407 984 epi·

344 1011 503 1090 mythium
551 1011 593 1074 ad
640 1011 807 1073 uniuersas
854 1030 904 1074 res
945 1012 1103 1077 humanas
1139 1012 1340 1092 pertinuisse,
1376 1021 1409 1074 et

340 1119 459 1180 iustam
499 1117 743 1202 naturalemque
782 1119 974 1180 narrationis
1005 1118 1103 1182 luisse
1130 1118 1406 1182 conclusionem».

341 1224 430 1287 Talis
454 1225 549 1306 igitur
572 1223 771 1288 collectionis
795 1224 970 1306 Aesopeae
988 1235 1135 1288 naturam
1153 1226 1317 1288 Phaedrus
1329 1226 1407 1288 dicit

340 1353 375 1394 se
406 1333 493 1394 omni
519 1352 594 1393 cura
616 1342 817 1394 seruaturum
842 1353 914 1394 esse
938 1331 1029 1418 (prol.
1055 1333 1094 1408 ΙΙ,
1120 1331 1160 1417 8).
1209 1332 1307 1414 Quod
1332 1353 1405 1394 eum

340 1441 436 1502 etiam
472 1440 504 1501 in
541 1440 701 1520 prioribus
724 1441 790 1500 suis
814 1439 902 1502 libris
926 1435 1040 1502 secisse
1064 1441 1151 1502 haud
1174 1439 1272 1503 dubie
1297 1461 1338 1502 ex
1364 1439 1406 1501 s-

340 1546 423 1609 bulis
447 1548 516 1608 eius
539 1567 612 1608 cum
638 1546 805 1608 Babrianis
829 1549 1027 1629 comparatis
1043 1547 1190 1612 elucebit.
1232 1548 1317 1609 Nam
1333 1548 1404 1610 rati-

341 1675 436 1718 onem
472 1653 634 1716 scribendi
669 1654 765 1716 aliam
801 1657 833 1717 in
868 1654 956 1717 libris
991 1655 1223 1735 posterioribus
1254 1675 1351 1738 quam
1376 1656 1408 1717 in

342 1763 502 1844 prioribus
526 1762 704 1824 adhibitam
729 1781 800 1823 esse
824 1783 866 1822 ex
884 1761 1028 1843 prologis
1045 1761 1138 1824 facile
1153 1772 1204 1824 est
1220 1761 1405 1844 intelligere.

343 1869 389 1930 Vt
423 1890 465 1931 ex
500 1868 640 1950 prologo
674 1868 745 1931 libri
770 1871 864 1950 primi
888 1889 998 1931 eruere
1023 1868 1106 1944 licet,
1133 1871 1164 1932 in
1188 1866 1405 1951 hoc‘quidem

343 1975 424 2038 libro
456 1976 619 2038 Phaedrus
643 1975 720 2037 nihil
745 1975 831 2038 aliud
855 1975 916 2038 sibi
944 1978 1114 2057 proposuit
1137 1997 1234 2058 quam
1259 1989 1294 2039 ut
1317 1995 1407 2058 argu·

342 2093 451 2146 menta
486 2103 527 2145 ex
564 2083 702 2164 Aesopo
737 2094 868 2164 sumpta
904 2095 1064 2158 tractaret,
1097 2095 1194 2165 atque
1219 2083 1408 2166 plerumque

343 2191 530 2270 inuestigari
567 2201 675 2271 potest
710 2211 782 2252 eum
820 2202 852 2254 et
889 2193 1039 2253 narrandi
1073 2193 1230 2254 rationem
1267 2193 1408 2257 auctoris

341 2299 448 2380 graeci
487 2307 632 2360 secutum
672 2317 743 2360 esse
782 2310 813 2360 et
852 2300 923 2379 ipsa
961 2300 1030 2360 eius
1064 2299 1164 2360 uerba
1198 2299 1406 2380 expressisse.

342 2405 441 2487 Quod
477 2407 562 2468 enim
598 2404 788 2468 Schwabius
819 2405 883 2486 (ed.
909 2404 971 2468 uol.
998 2406 1011 2467 l
1037 2425 1111 2486 pag.
1140 2407 1216 2485 514)
1240 2405 1318 2468 dicit
1345 2406 1407 2468 »in-

341 2523 464 2576 certum
500 2532 572 2574 esse
607 2524 711 2575 utrum
744 2512 909 2575 Phaedrus
933 2512 1059 2575 fabulas
1082 2512 1210 2593 Aesopi
1233 2533 1292 2594 per
1314 2514 1408 2575 tradi-

341 2621 461 2682 tionem
486 2641 527 2682 an
552 2641 593 2681 ex
618 2621 690 2700 ipso
714 2619 841 2700 Aesopi
864 2619 945 2681 libro
963 2620 1156 2700 acceperit»,
1175 2617 1260 2682 nunc
1277 2621 1407 2701 quidem

342 2727 458 2790 fabulis
482 2726 649 2790 Babrianis
673 2728 812 2789 inuentis
837 2726 975 2788 dubitari
1002 2746 1067 2788 non
1083 2738 1193 2808 potest
1209 2727 1287 2808 quin
1304 2727 1407 2790 Aeso·

341 2855 404 2916 pea
438 2833 565 2916 sylloge
588 2836 659 2914 ipsa
683 2835 712 2896 ei
737 2835 767 2895 in
793 2833 944 2895 manibus
967 2833 1069 2896 suerit.
1117 2835 1243 2896 Tamen
1267 2853 1338 2896 eam
1364 2834 1407 2896 ob

342 2962 408 3003 rem
442 2951 536 3004 caute
559 2942 722 3022 agendum
748 2951 806 3015 est,
831 2941 919 3022 quod
946 2941 1110 3003 Phaedrus
1134 2942 1216 3004 inter
1239 2961 1275 3004 se
1299 2941 1407 3004 confu-

342 3049 429 3110 disse
466 3049 594 3110 uidetur
628 3046 776 3128 syllogen
812 3046 1001 3129 Aesopeam
1037 3058 1069 3109 et
1092 3047 1315 3110 collectionem
1341 3049 1407 3110 rhe-

342 3157 421 3218 toris
445 3157 555 3218 nescio
579 3157 678 3218 cuius.
727 3155 811 3217 Nam
836 3156 877 3216 ad
903 3155 1074 3236 Aesopum
1098 3155 1223 3218 fabulas
1247 3157 1406 3229 transfert,

342 3283 426 3344 quae
460 3263 637 3344 Aesopeae
672 3261 758 3324 nullo
783 3264 883 3325 modo
908 3283 979 3325 esse
1003 3275 1149 3344 possunt.
1197 3265 1295 3326 Vnde
1322 3263 1407 3326 colli·

342 3372 428 3452 gitur
451 3371 630 3433 Phaedrum
656 3391 721 3433 non
746 3369 894 3451 syllogen
920 3370 1109 3452 Aesopeam
1133 3371 1247 3446 solam,
1265 3373 1323 3434 sed
1341 3371 1407 3452 plu-

343 3495 393 3540 res
433 3476 538 3540 lontes
576 3499 712 3560 graecos
748 3478 945 3541 adhibuisse.
993 3477 1087 3560 Quae
1122 3499 1220 3560 quum
1257 3481 1301 3542 ita
1333 3481 1406 3553 sint,

344 3605 406 3647 non
444 3605 557 3648 omnes
589 3585 659 3648 libri
683 3587 776 3666 primi
799 3584 929 3647 fabulae
953 3585 1145 3661 collectioni,
1170 3607 1254 3668 quae
1278 3587 1408 3668 proprie

343 3692 468 3774 Aesopi
508 3692 742 3774 appellabatur,
782 3693 993 3756 ascribendae
1032 3703 1116 3756 sunt.
1165 3695 1232 3756 Iam
1268 3715 1344 3756 uero
1376 3695 1406 3756 in

343 3800 423 3863 libro
447 3781 591 3863 secundo
616 3801 796 3864 liberiorem
821 3821 857 3863 se
880 3813 1008 3864 exstare
1032 3801 1210 3877 contendit,
1235 3813 1268 3863 et
1287 3801 1407 3884 aliquid

343 3929 435 3970 suum
461 3910 561 3990 ipsius
585 3929 620 3970 se
644 3909 858 3972 immiscuisse
882 3908 1046 3990 gloriatur.
1095 3909 1131 3970 In
1156 3908 1237 3971 libro
1261 3909 1305 3971 lll
1330 3909 1408 3970 dicit

342 4037 377 4078 se
410 4018 442 4078 in
479 4015 593 4078 labulis
618 4016 796 4078 scribendis
821 4027 946 4078 tantum
972 4015 1099 4097 Aesopi
1122 4015 1196 4079 stilo
1220 4037 1311 4079 usum
1336 4036 1408 4078 esse

343 4135 375 4185 et
400 4135 433 4186 ut
458 4135 602 4190 moneret
627 4145 661 4186 se
685 4125 790 4208 ipsum
816 4143 901 4190 noua
925 4134 1116 4210 argumenta
1140 4126 1300 4191 inuenisse
1316 4124 1407 4213 plura
