3244 4868
774 380 950 462 ..46-

329 598 386 662 der
410 597 637 681 Aesopischen
662 599 772 674 Fabel,
798 619 872 680 pag.
900 598 984 683 308).
1033 597 1126 679 Quae
1143 619 1242 680 quum
1260 598 1304 660 ita
1320 599 1393 673 sint,

329 706 428 769 credo
453 727 519 770 rem
544 727 583 768 eo
608 705 709 768 modo
732 727 768 768 se
792 707 922 781 habere,
948 717 983 769 ut
1007 705 1116 768 sabula
1139 705 1248 768 Halm.
1275 719 1314 784 35
1339 716 1395 768 aut

330 816 372 877 ad
405 815 510 896 ipsam
537 831 553 893 3
560 809 591 893 5ὸ
614 824 670 876 aut
693 816 736 876 ad
760 813 928 895 exemplar
952 812 1079 876 fabulae
1105 808 1159 893 35ὸ
1183 813 1258 876 licta
1281 814 1336 888 sit;
1361 813 1393 875 id

329 942 369 984 eo
393 921 593 1002 probabilius
617 922 694 984 mihi
718 922 845 984 uidetur
868 941 949 995 esse,
975 923 1064 1003 quod
1089 934 1128 1000 35
1154 920 1392 994 similitudinem

330 1028 465 1109 praebet
500 1029 751 1104 exercitationis,
787 1027 899 1110 quales
934 1029 965 1090 in
992 1027 1076 1090 ludis
1100 1027 1395 1104 fiebant-narrandi

322 1145 362 1198 et
397 1136 570 1198 scribendi.
629 1137 747 1199 Postea
781 1147 889 1199 autem
926 1136 1018 1200 facile
1053 1136 1120 1198 lieri
1155 1136 1261 1216 potuit
1294 1145 1329 1198 ut
1362 1136 1393 1198 in

287 1242 289 1244 ’
329 1254 455 1324 partem
479 1263 578 1305 manu
601 1245 795 1325 scriptorum
819 1242 1046 1306 collectionum
1071 1242 1298 1324 Aesopearum
1322 1244 1395 1306 irre-

330 1361 435 1431 peret,
471 1371 607 1432 quorum
643 1371 740 1413 unum
778 1361 853 1414 ante
888 1350 1000 1415 oculos
1034 1351 1187 1414 habuisse
1213 1350 1392 1414 Phaedrum

254 1455 257 1459 ’
329 1459 437 1520 credo.
485 1457 550 1538 Qui
575 1478 672 1540 quum
698 1460 780 1520 duas
804 1458 929 1520 fabulas
953 1459 1096 1520 eiusdem
1121 1457 1187 1520 iere
1210 1462 1394 1539 argumenti

330 1565 463 1640 uideret,
488 1565 521 1628 in
544 1586 640 1628 unam
665 1586 720 1628 eas
744 1565 943 1644 confundere
960 1575 1096 1628 conatus
1112 1565 1260 1646 personis
1276 1566 1393 1646 partim

331 1693 349 1734 e
373 1671 480 1734 sabula
501 1686 551 1751 35,
570 1674 686 1754 partim
704 1694 722 1735 e
740 1669 794 1753 35ὁ
811 1674 949 1754 sumptis
965 1674 1182 1736 narrationem
1200 1671 1394 1738 Halmianae

331 1778 458 1842 fabulae
494 1794 532 1859 35
570 1792 698 1843 secutus
733 1793 795 1844 est:
830 1779 1056 1843 bubulcus:
1078 1779 1207 1862 ποιμήν·
1231 1779 1327 1862 lupus
1350 1805 1394 1836 -.-.

330 1884 476 1966 ἀλώπηξ·
502 1909 618 1969 uepres
641 1915 685 1946 z
708 1886 848 1971 δρυμός.

437 1996 542 2059 Venio
579 2017 663 2059 nunc
695 1999 737 2058 ad
762 1996 886 2058 fabulas
911 1996 1044 2060 Phaedr.
1070 1996 1093 2071 I,
1121 2013 1137 2074 3
1162 2022 1207 2054 =
1230 1995 1325 2058 Babr.
1352 2010 1392 2074 72

329 2114 362 2166 et
396 2103 530 2166 Phaedr.
567 2104 624 2179 IV,
662 2121 679 2166 2
717 2129 761 2162 :z
795 2104 889 2167 Babr.
931 2115 993 2183 173'
1019 2106 1052 2166 in
1079 2103 1197 2185 quibus
1220 2103 1393 2166 afferendis

329 2231 426 2292 quam
451 2213 593 2274 maxime
617 2213 700 2274 inter
723 2233 758 2274 se
782 2213 975 2274 dissentiunt
997 2223 1157 2274 auctores
1197 2211 1249 2274 De
1274 2209 1391 2284 sabula,

330 2339 413 2400 quae
448 2321 536 2400 apud
567 2319 718 2381 Babrium
743 2330 792 2382 est
817 2334 868 2399 72,
893 2319 980 2400 apud
1006 2320 1185 2382 Phaedrum
1210 2319 1233 2393 I,
1261 2335 1289 2397 3,
1315 2317 1393 2380 dilii-

228 2497 229 2502 ,
329 2425 481 2488 cillimum
516 2437 565 2489 est
599 2437 740 2488 statuere
775 2425 879 2507 qualis
914 2428 945 2488 in
981 2427 1137 2508 Aesopea
1160 2425 1287 2507 sylloge
1311 2424 1394 2488 lecta

329 2534 378 2609 sit,
405 2536 571 2615 quoniam,
597 2543 677 2616 quot
700 2543 774 2596 sunt
798 2545 956 2609 auctores
982 2543 1031 2596 tot
1054 2534 1120 2597 sere
1143 2535 1241 2596 etiam
1266 2532 1393 2596 fabulae

329 2644 509 2704 narrandae
548 2643 698 2704 rationes.
752 2640 787 2704 Si
826 2652 934 2704 autem
975 2643 1176 2704 narrationes
1215 2642 1322 2705 Babrii
1361 2651 1393 2704 et

329 2749 464 2812 Phaedri
499 2770 572 2812 cum
608 2748 724 2811 fabulis
748 2749 855 2812 Halm.
883 2766 955 2823 200,
983 2744 1069 2825 200⁶,
1096 2766 1169 2825 201,
1196 2744 1283 2823 201⁶,
1308 2770 1393 2813 com·

329 2858 559 2938 parauerimus,
585 2856 767 2918 uidebimus
791 2877 905 2919 omnes
928 2857 988 2919 has
1013 2856 1138 2920 fabulas
1161 2858 1244 2920 inter
1267 2877 1303 2920 se
1319 2877 1393 2920 con·

328 2965 454 3026 iunctas
492 2984 564 3026 esse
602 2964 656 3039 ita,
697 2975 731 3026 ut
770 2964 905 3026 Phaedri
945 2963 1053 3027 fabula
1091 2965 1243 3040 medium,
1267 2969 1314 3027 'ut
1349 2965 1393 3026 ita

329 3074 445 3147 dicam,
470 3071 577 3134 locum
602 3073 683 3135 inter
707 3071 801 3140 Babr.
828 3089 879 3152 72,
905 3072 1013 3134 Halm.
1041 3090 1113 3147 200,
1141 3067 1217 3136 200ὁ
1234 3083 1266 3135 et
1284 3071 1391 3134 Halm.

330 3196 403 3255 201,
441 3174 518 3242 001ὁ
553 3180 709 3242 obtineat.
757 3179 921 3260 Quoniam
956 3181 1054 3261 igitur
1081 3179 1201 3243 nullum
1226 3178 1394 3260 exemplar

329 3307 480 3370 graecum
517 3296 634 3362 exstat,
671 3289 713 3349 ad
748 3288 836 3368 quod
873 3286 982 3350 sabula
1015 3287 1151 3350 Phaedri
1174 3297 1261 3350 recte
1285 3286 1392 3350 referri

329 3396 441 3476 possit,
466 3395 600 3475 eiusque
623 3406 847 3475 argumentum
873 3415 916 3457 ex
937 3394 1054 3457 sabulis
1071 3395 1179 3458 Halm.
1199 3409 1263 3458 200
1279 3405 1311 3456 et
1329 3410 1388 3457 201
1469 3473 1472 3478 .

328 3504 410 3565 inter
436 3522 471 3563 se
495 3500 636 3564 confusis
659 3512 764 3565 ortum
789 3523 861 3564 esse
885 3504 1020 3577 uidetur,
1046 3503 1201 3564 audacius
1224 3501 1302 3563 mihi
1327 3521 1392 3563 non

328 3611 455 3672 uidetur
489 3628 560 3672 esse
582 3617 728 3672 'statuere
751 3613 967 3673 narrationem
996 3611 1133 3672 Phaedri
1157 3609 1293 3673 sormam
1317 3627 1392 3672 uere

328 3716 517 3797 Aesopeam
553 3719 734 3798 exprimere
768 3739 834 3781 non
863 3739 969 3799 posse.
995 3717 1159 3780 Phaedrus
1182 3718 1266 3780 enim
1292 3737 1392 3799 quum

328 3844 370 3886 ex
394 3823 512 3900 fabula,
537 3827 627 3888 cuius
651 3837 876 3906 argumentum
901 3825 1069 3906 proferunt
1092 3825 1187 3887 Babr.
1214 3839 1265 3905 72,
1283 3823 1391 3886 Halm.

330 3948 403 4005 200,
427 3927 513 4008 200⁶,
531 3934 564 3994 id
579 3933 684 3996 solum
701 3934 763 3995 sibi
779 3934 980 4013 sumpsisset,
998 3933 1087 4013 quod
1104 3931 1252 4014 graculus
1268 3951 1393 4013 pennas

262 4117 264 4120 Ι
328 4040 436 4102 auium
460 4039 627 4103 sustulisse
650 4041 753 4121 iisque
776 4061 812 4103 se
835 4041 1001 4102 ornauisse
1018 4040 1142 4116 dicitur,
1160 4051 1267 4102 cetera
1283 4040 1393 4102 omnia

328 4167 369 4210 ex
393 4159 584 4232 argumento
609 4148 736 4212 fabulae
761 4147 868 4210 Halm.
896 4164 954 4210 201
980 4147 1096 4223 hausit,
1115 4147 1231 4228 quibus
1248 4158 1393 4210 narratur
