3244 4868
778 366 955 438 „62-

333 596 365 649 et
396 605 579 650 sermonem
604 586 857 667 fragmentorum
883 585 1157 668 perpenderimus,
1182 603 1316 647 necesse
1340 584 1400 647 erit

332 704 514 757 statuamus
537 695 569 756 in
594 693 644 756 his
668 693 799 774 quidem
823 693 919 756 rebus
936 701 1051 775 poetas
1067 690 1156 755 nullo
1173 692 1274 754 modo
1291 691 1399 755 Babrii

332 803 510 864 imitatores
534 821 616 877 esse,
641 801 741 863 sede
765 802 927 863 contrario
952 799 1028 863 nulli
1053 802 1121 863 cius
1145 801 1302 880 temporis
1327 819 1398 864 auc-

332 920 438 974 torum
462 895 626 972 dbnoxios
648 929 729 972 esse.
759 907 859 990 Quod
875 919 910 972 ut
926 909 1109 982 ostendam,
1126 908 1223 988 copia
1239 906 1398 988 Stephani

332 1016 498 1092 Thesauri,
535 1019 586 1080 cui
610 1037 663 1079 me
686 1015 839 1098 exempla
862 1037 904 1079 ex
928 1016 1040 1079 litteris
1064 1016 1189 1097 graecis
1212 1025 1344 1096 sumpta
1367 1022 1399 1076 et

324 1123 522 1206 plerumque
554 1125 651 1186 etiam
676 1124 850 1186 uerborum
874 1123 1156 1206 interpretationes
1179 1122 1300 1185 debere
1324 1142 1398 1184 con-

332 1231 433 1306 fiteor,
474 1230 609 1312 aliisque
648 1231 760 1294 lexicis
799 1233 887 1294 nisus
922 1251 1105 1294 sermonem
1143 1229 1397 1308 fragmentorum

332 1340 519 1401 examinare
543 1339 683 1401 instituo

439 1446 465 1508 F
467 1465 534 1527 rag.
570 1463 588 1508 2
624 1445 754 1527 legitur:
791 1444 905 1527 ἠχήεις
939 1445 1108 1508 ἐτάνυσσε
1138 1443 1251 1530 βαλὼν
1273 1443 1398 1524 προκά·

326 1574 437 1634 paror
460 1551 576 1633 ἀήτης·
605 1552 753 1616 »τανύωι
781 1554 914 1616 uerbum
939 1555 1084 1615 eiusdem
1108 1564 1206 1634 atque
1226 1551 1393 1616 »τιταίνωι

331 1663 440 1743 stirpis
460 1663 672 1742 eiusdemque
688 1661 933 1743 significationis
949 1661 1080 1742 proprie
1096 1671 1145 1724 est
1160 1685 1205 1718 =
1221 1662 1396 1734 intendere,

331 1771 537 1832 contendere.
585 1768 651 1832 Sed
676 1769 841 1832 Homerus
865 1770 999 1832 uerbum
1015 1770 1252 1852 significatione
1268 1767 1398 1834 subdita

331 1877 551 1958 expandendi,
576 1875 763 1958 explicandi
787 1877 934 1940 adhibet:

439 1983 503 2047 Od.
528 1984 601 2059 XV,
631 1999 705 2064 137:
733 2034 738 2046 .
766 2034 772 2048 .
800 2035 805 2047 .
832 1983 954 2065 ξεστὴν
978 1985 1146 2047 ἐτάνυσσε
1168 1983 1348 2066 τράπεζαν.

331 2091 499 2154 ἐτάνυσσε
532 2119 578 2148 =
611 2091 700 2154 κατὰ
729 2093 836 2174 μῆκος
861 2091 1015 2173 ἐπέθηκε,
1040 2093 1123 2155 sicut
1146 2092 1243 2154 etiam
1266 2092 1297 2153 in
1315 2090 1397 2172 srag-

331 2209 442 2262 mento
475 2198 639 2280 dactylico
664 2213 692 2261 2.
741 2201 776 2262 In
801 2199 864 2262 hoc
888 2201 1005 2262 eodem
1030 2200 1213 2281 fragmento
1240 2195 1392 2278 »ἠχήειῳ

331 2308 528 2402 adiectiuum
564 2306 675 2388 (latme
704 2333 751 2363 =
772 2327 919 2384 sonorus
944 2308 1086 2370 sonitum
1110 2309 1226 2388 edens)
1249 2305 1395 2388 legimus,

331 2416 419 2495 quod
456 2423 583 2496 praeter
612 2415 698 2477 hunc
722 2415 828 2479 locum
854 2415 1003 2478 nonnisi
1028 2415 1116 2496 apud
1142 2413 1320 2476 Homerum
1345 2429 1396 2475 oc·

330 2523 436 2598 currit,
473 2532 508 2584 ut
541 2521 576 2585 ll.
608 2523 631 2598 Ι,
663 2537 737 2603 157:
785 2519 895 2601 οὔρεα
917 2542 954 2585 τε
978 2520 1146 2597 σκιόεντα,
1171 2519 1336 2583 θάλασσά
1358 2539 1395 2582 τε

330 2627 494 2711 ἠχήεσσα.
543 2629 607 2693 Od.
632 2630 689 2706 IV,
716 2645 771 2710 72:
799 2681 804 2692 .
833 2681 838 2692 .
866 2681 871 2693 .
899 2680 905 2692 .
933 2679 939 2691 .
966 2679 972 2692 .
998 2627 1140 2713 δώματα
1162 2625 1317 2710 ἠχήεντα,

437 2737 565 2819 Fragm.
603 2755 623 2816 4
658 2737 787 2819 legitur:
824 2735 975 2817 αἰπεινὴν
1010 2737 1132 2817 ἐλάτην
1167 2734 1239 2816 ἔρις
1262 2733 1396 2816 ὤρορεν

329 2843 457 2907 αἴσυλα
491 2845 632 2927 φάσθαι·
673 2844 852 2922 »αἴσυλοςι
880 2846 1077 2908 adiectiuum
1102 2854 1151 2907 est
1174 2843 1311 2907 Homeri
1333 2863 1395 2905 ser·

329 2953 435 3014 monis
470 2945 645 3034 proprium,
682 2953 770 3034 quod
798 2952 917 3018 deinde
941 2952 1109 3034 usurpauit
1135 2937 1310 3025 Hesiodus
1335 2951 1395 3032 sig·

330 3059 465 3122 nificans
491 3062 622 3143 proprie
649 3061 804 3141 uiniquus,
830 3059 980 3135 nefarius,
1006 3059 1216 3142 flagitiosus»,
1241 3057 1396 3120 translate

333 3167 468 3245 »κακός,
505 3166 658 3245 ἄδικος»,
695 3188 759 3248 qua
793 3167 1031 3250 significatione
1054 3166 1185 3228 subdita
1212 3164 1392 3240 »uiculoqr

329 3276 491 3338 adiectiuo
515 3275 693 3357 opponitur
716 3273 887 3357 αἴσιμοςιε

331 3381 395 3446 Οά.
422 3382 462 3457 V,
487 3399 522 3461 9;
550 3430 790 3444 ........
817 3380 901 3464 μηδὲ
924 3381 1046 3464 φρεσὶν
1070 3381 1188 3464 αἴσιμα
1212 3377 1321 3458 εἰδώς,

549 3489 622 3551 ἀλλ’
648 3487 713 3551 olel
736 3488 884 3568 χαλεπός
906 3489 989 3571 τέἴη
1012 3488 1069 3552 καὶ
1093 3487 1221 3552 αἴσυλα
1245 3487 1347 3567 ῥέζοι.

435 3596 586 3659 Ceterum
610 3617 684 3658 cum
707 3606 778 3658 tota
801 3597 944 3660 dictione
971 3596 1116 3659 »αἴσυλα
1141 3595 1292 3678 φάσθαι»
1320 3575 1394 3657 con-

329 3705 461 3767 ferenda
484 3712 559 3765 sunt
582 3703 681 3765 Hom.
706 3701 741 3765 Il.
769 3720 846 3767 202:
872 3702 1056 3784 ήδάἴσυλα
1080 3702 1309 3787 μυθήσασθαι.

436 3810 599 3873 Homerus
634 3811 737 3874 leonis
771 3795 965 3875 substantiui
1000 3824 1065 3875 tres
1100 3811 1220 3874 formas
1244 3811 1392 3893 praebet:

328 3919 438 3995 Λέων,
475 3917 597 3995 Λείαν,
631 3918 705 3998 Ate.
731 3919 797 3998 Λῖς
820 3919 923 3983 forma
947 3920 997 3982 his
1019 3919 1100 3983 locis
1123 3920 1251 4002 legitur:
1276 3917 1312 3981 ll.
1337 3917 1392 3993 XI,

329 4044 407 4107 239;
444 4026 548 4102 XVII,
582 4043 655 4108 109;
681 4027 802 4104 XVIII,
829 4030 901 4108 318.
950 4029 1026 4091 Post
1050 4028 1231 4091 Homerum
1255 4028 1393 4090 eandem

330 4135 465 4200 sormam
495 4134 712 4200 adhibuerunt
736 4137 912 4212 Hesiodus
937 4133 1163 4212 Callimachus
1188 4136 1392 4199 Theocritus
