3260 4882
792 404 967 465 ..90..-

341 622 474 664 anarum
506 611 591 673 sunt,
617 602 658 662 de
682 620 757 662 uera
780 620 893 662 earum
918 600 1021 662 sorma
1045 602 1153 662 testari
1179 620 1277 681 posse
1302 601 1408 664 uiden·

340 720 390 771 tur
422 712 509 790 (nam
541 707 791 770 tetrastichistae
816 706 942 770 fabulas
966 729 985 770 a
1010 708 1231 790 paraphrastis
1255 718 1409 771 tractatas

340 837 412 880 esse
447 818 518 898 quis
553 813 704 898 credatll,
737 816 919 878 sinautem
944 821 1085 896 apo'e'ta
1108 827 1220 878 nostro
1244 837 1309 878 non
1335 837 1409 897 pen-

341 926 428 999 dent,
466 925 508 985 ad
541 921 776 1004 exemplarium
812 923 1029 1003 antiquiorum
1068 923 1218 987 narrandi
1251 924 1408 988 rationem

341 1031 562 1094 illustrandam
597 1031 757 1110 pertinere
791 1030 923 1093 debent.
971 1029 1007 1093 Si
1042 1031 1138 1113 igitur
1162 1029 1289 1094 fabulas
1313 1031 1407 1094 Babr.

341 1143 370 1212 8,
413 1155 482 1213 roo,
512 1154 582 1211 110,
608 1157 691 1218 quae
714 1157 813 1218 prosa
836 1139 982 1200 oratione
1006 1139 1146 1219 scriptae
1171 1157 1329 1218 nusquam
1355 1159 1409 1200 ex-

341 1257 436 1320 stant,
474 1245 793 1326 praetermiserimus,
830 1243 959 1306 fabulae
984 1245 1092 1308 Halm.
1120 1262 1182 1325 292
1208 1245 1317 1326 (Babr.
1343 1246 1406 1328 60),

345 1357 403 1416 182
443 1353 549 1436 (Babr.
588 1354 654 1430 80);
688 1369 753 1431 229
788 1353 894 1436 (Babr.
932 1351 996 1437 87),
1032 1366 1094 1434 252
1120 1353 1228 1436 (Babr.
1253 1352 1318 1436 90),
1349 1369 1406 1433 135

341 1461 449 1541 (Babr.
486 1459 550 1543 96),
592 1462 650 1539 187
687 1461 796 1542 (Babr.
839 1463 912 1539 109)
948 1480 1061 1523 omnes
1094 1459 1269 1541 perbreues
1306 1461 1406 1542 prose·

342 1579 460 1643 runtur,
498 1567 605 1630 Halm.
632 1585 673 1647 43
699 1568 804 1651 (Babr.
831 1570 886 1646 81)
909 1567 981 1631 sola
1004 1587 1023 1629 a
1047 1567 1205 1630 breuitate
1229 1567 1410 1631 Babrianae

342 1677 505 1750 abhorret,
542 1695 641 1757 quam
677 1674 721 1737 ob
746 1695 812 1736 rem
837 1675 921 1736 hanc
945 1673 1090 1738 fabulam
1117 1695 1150 1738 re
1174 1695 1250 1738 uera
1274 1696 1293 1738 a
1317 1686 1407 1738 tetra·

343 1783 489 1846 stichista
524 1784 725 1845 decurtatam
760 1803 832 1845 esse
867 1803 940 1844 cum
976 1781 1208 1846 Ruthersordio
1232 1784 1407 1846 statuerim.

343 1893 449 1955 Etiam
485 1892 684 1971 symmetria,
720 1911 806 1972 quae
840 1891 871 1952 in
901 1891 1141 1971 compositione
1164 1889 1292 1955 fabulae
1316 1891 1408 1964 inest,

342 2000 418 2062 mihi
466 2007 618 2080 suspecta
656 2018 728 2060 esse
767 1998 902 2060 uidetur.
962 1997 1037 2060 Duo
1075 1998 1260 2061 tribuuntur
1299 2017 1410 2061 uersus

343 2106 441 2188 uulpi,
465 2109 531 2170 duo
555 2106 677 2168 simiae.
726 2106 759 2168 Si
785 2105 972 2168 tetrasticha
995 2125 1044 2180 ea,
1070 2126 1155 2186 quae
1178 2103 1309 2187 collegit
1333 2105 1407 2168 Cru-

342 2217 408 2278 sius
432 2217 496 2294 (ed.
522 2233 597 2295 pag.
626 2214 813 2293 264—296)
839 2213 1022 2294 perlegeris
1048 2214 1193 2278 inuenias
1218 2215 1331 2294 paucis
1355 2235 1408 2276 ex-

343 2325 447 2404 ceptis
482 2342 580 2384 unum
617 2341 778 2403 quemque
814 2321 879 2384 sere
915 2341 1041 2384 uersum
1067 2341 1124 2402 per
1148 2342 1183 2383 se
1207 2321 1271 2402 legi
1295 2323 1349 2396 ita,
1375 2331 1408 2384 ut

341 2441 396 2493 aut
432 2433 637 2512 interpuncto
673 2440 728 2492 aut
760 2431 855 2510 signo
889 2429 1008 2510 citandi
1045 2450 1064 2492 a
1099 2430 1214 2492 ceteris
1237 2430 1407 2492 diuidatur.

340 2539 505 2620 Quoniam
544 2538 659 2600 eadem
700 2539 823 2600 ratione
858 2537 964 2600 Babrii
1001 2539 1037 2600 81
1078 2538 1197 2618 scripta
1227 2547 1286 2612 est,
1312 2539 1407 2600 etiam

342 2666 414 2708 eam
439 2667 459 2708 a
483 2645 712 2708 tetrastichista
737 2641 1062 2707 breuiorem'sactam
1087 2665 1158 2708 esse
1183 2665 1311 2708 censeo.

454 2753 595 2820 Fabulas
630 2773 728 2834 supra
752 2763 957 2816 enumeratas
982 2751 1249 2834 perlustrantibus
1272 2754 1407 2816 admira-

341 2865 463 2924 tionem
499 2863 593 2924 nobis
624 2862 733 2923 iniciat
759 2881 891 2922 neeesse
916 2872 965 2923 est
988 2862 1078 2943 quod
1102 2881 1212 2924 earum
1235 2861 1320 2924 duae
1344 2862 1407 2924 iam

253 3051 255 3056 Ι
342 2971 385 3034 ab
421 2969 621 3034 Archilocho
652 2981 799 3033 narratae
823 2989 894 3032 esse
919 2968 1078 3031 uidentur.
1126 2968 1258 3032 Crusius
1282 2969 1405 3050 proleg.

342 3098 417 3160 pag.
463 3079 586 3140 XXXII
626 3079 754 3140 dubitat
797 3088 920 3139 »utrum
960 3077 1140 3138 iamborum
1180 3076 1279 3140 libros
1318 3078 1408 3158 ipsos

343 3185 530 3248 Archilochi
571 3193 668 3266 poeta
708 3206 785 3266 prae
824 3205 921 3248 manu
961 3183 1118 3258 habuerit,
1149 3205 1190 3248 an
1220 3184 1407 3247 fabellarum

344 3293 495 3374 exempla
512 3304 667 3375 excerpta
683 3293 824 3374 legerit.»
869 3290 1015 3374 Quarum
1032 3292 1169 3354 duarum
1185 3294 1406 3373 suspicionum

343 3401 498 3482 equidem
524 3402 642 3464 nullam
669 3423 727 3483 pro
744 3421 821 3463 uera
846 3401 1037 3483 acceperim.
1087 3401 1172 3462 Inter
1189 3401 1275 3463 uiros
1291 3402 1408 3464 doctos

343 3510 375 3570 id
400 3511 479 3571 satis
503 3521 652 3572 constare
676 3510 802 3571 uidetur
826 3528 932 3588 neque
956 3506 1189 3570 Archilochum
1215 3528 1329 3589 neque,
1354 3509 1408 3590 qui

344 3618 370 3678 ei
390 3627 496 3679 aetate
512 3629 544 3681 et
557 3620 670 3700 patria,
685 3637 788 3697 prope
800 3617 917 3688 dicam,
933 3616 1102 3696 proximus
1115 3626 1192 3691 erat,
1207 3615 1408 3679 Simonidem

344 3725 561 3806 Amorginum
587 3725 722 3799 fabulas
738 3744 818 3805 quas
832 3722 1026 3785 carminibus
1039 3723 1105 3785 suis
1118 3723 1231 3786 crebro
1250 3724 1407 3786 immiscu-

343 3845 444 3908 erunt,
488 3835 576 3915 ipsos
619 3833 762 3906 finxisse,
804 3833 863 3892 sed
898 3852 916 3892 e
951 3831 1048 3912 copia
1083 3831 1223 3912 quadam
1259 3831 1409 3894 omnibus

343 3940 465 4003 reclusa
499 3951 772 4022 argumentorum,
808 3958 892 4019 quae
928 3958 946 3998 a
981 3947 1079 4017 gente
1108 3939 1214 4002 ionica
1238 3958 1343 4019 paene
1366 3939 1407 4001 ad

342 4069 523 4111 sermonem
560 4049 785 4129 quotidianum
821 4045 1046 4108 exornandum
1076 4045 1322 4122 adhibebantur,
1348 4047 1407 4110 sibi

341 4157 521 4244 sumpsisse
545 4156 596 4246 (cl.
623 4154 742 4222 Keller.
769 4175 844 4240 pag.
873 4155 945 4236 382,
972 4153 1134 4216 Neubner.
1162 4174 1235 4236 pag.
1256 4171 1292 4217 21
1314 4155 1406 4240 sqq).
