3244 4868
663 423 837 491 ,33-

531 625 641 704 Γαλῆν
664 623 756 707 δόλῳ
779 645 828 702 τις
844 622 1027 710 συλλαβών
1041 643 1079 686 τε
1094 623 1151 686 καὶ
1167 621 1280 703 δήσας

532 729 666 811 έπνιγεν
688 731 824 795 ὑδάτων
848 733 885 794 ἐν
909 731 1079 811 συναγγία
1100 731 1208 812 κοίλη.

530 841 592 920 τῆς
604 837 682 902 δἀὗ
690 838 862 921 λεγούσης
873 838 939 917 »ὡς
945 836 1056 919 κακὴν
1063 839 1161 918 χάριν
1167 837 1277 918 τίνεις,

532 943 579 1008 ὠν
626 946 818 1028 σ’ὠτρέλουν
862 947 1008 1026 θηρῶσα
1046 947 1110 1029 μῦς
1147 967 1184 1009 τε
1220 945 1279 1010 καὶ

955 1051 1109 1132 σαύρας»
1137 1073 1167 1116 κ.
1193 1075 1220 1116 τ.
1245 1055 1274 1116 λ.

212 1178 346 1242 Phaedr.
367 1179 406 1254 ll,
426 1195 454 1254 2,
475 1195 508 1257 32
533 1179 663 1241 Aetatis
687 1181 814 1241 mediae
838 1165 1089 1260 quendametc.
1114 1207 1160 1234 =

531 1285 613 1348 Βίου
629 1305 679 1364 τις
691 1283 757 1366 ἤδη
771 1285 831 1366 τὴν
846 1285 951 1368 μέσην
964 1284 1049 1365 ἔχων
1062 1285 1154 1366 ὥρην
1165 1307 1195 1348 κ.
1207 1306 1234 1349 τ.
1248 1288 1277 1349 λ.

133 1458 136 1464 .
211 1409 344 1473 Phaedr.
363 1411 403 1486 ll,
423 1425 451 1486 2,
469 1411 505 1476 6:
530 1411 670 1486 Ambae,
695 1413 798 1473 uideri
822 1414 898 1473 dum
923 1411 1036 1473 uolunt
1060 1411 1104 1474 illi
1128 1432 1232 1492 pares

532 1517 675 1599 Capillos
695 1519 818 1581 homini
834 1517 942 1600 legere
959 1539 1097 1599 coepere
1113 1521 1145 1582 in
1162 1520 1277 1582 uicem.

532 1625 597 1707 Qui
620 1646 656 1687 se
679 1635 809 1706 putaret
831 1625 909 1706 fingi
933 1646 1010 1688 cura
1034 1625 1211 1701 mulierum,

532 1731 650 1795 Caluus
675 1745 808 1814 repente
832 1731 937 1795 sactus
961 1744 1024 1809 est;
1042 1733 1279 1796 nam'sunditus

531 1839 640 1902 Canos
664 1839 780 1921 puella,
806 1841 917 1921 nigros
941 1859 1022 1901 anus
1046 1839 1209 1903 euellerat.
1235 1869 1280 1895 =

212 1945 306 2009 Babr.
334 1962 385 2021 22,
415 1964 445 2008 1:
529 1946 610 2008 νέον
634 1944 693 2028 μὲν
717 1945 823 2008 αὑτὸν
847 1946 867 2026 ἡ
891 1949 1005 2024 νεᾶνις
1030 1945 1137 2026 ἐζήτει

534 2053 667 2140 βλέπειν
684 2051 842 2134 ἐραστήν,
861 2045 1077 2133 συγγέροντα
1093 2052 1147 2134 δίη
1164 2053 1276 2134 γραίη,

530 2163 597 2224 τῶν
627 2159 690 2224 οὖν
713 2163 833 2241 τριχῶν
857 2159 1041 2240 έκάστοθίλ
1067 2159 1127 2243 μέν
1151 2159 1280 2243 ἀκμαία

532 2266 658 2331 ἔτιλλεν
682 2268 726 2346 ἃς
748 2267 890 2348 ηὕρισκε
913 2261 1215 2348 λευκανθιζούσας,
1334 2279 1336 2284 ’

532 2373 638 2438 ἔτιλλε
674 2374 729 2456 δή
752 2373 864 2456 γραῦς
888 2377 916 2438 εἰ
941 2375 1102 2459 μέλαιναν
1125 2373 1276 2456 ηὑρήκει,

531 2481 597 2560 ἕως
621 2481 801 2564 φαλακρὸν
825 2481 845 2562 ἡ
869 2481 932 2545 νέα
954 2504 991 2546 τε
1015 2482 1056 2563 χή
1080 2482 1183 2563 γραίη

531 2588 623 2669 ἔθηχ’
649 2590 777 2670 ἑκάστη
801 2592 867 2652 τῶν
889 2593 1009 2670 τριχῶν
1033 2591 1233 2653 ὰποσπῶσα.

211 2733 344 2796 Phaedr.
360 2733 416 2809 IV,
430 2735 460 2809 6,
479 2747 509 2814 5:
531 2735 641 2796 Duces
665 2755 787 2809 eorum,
813 2736 867 2816 qui
891 2734 1053 2816 capitibus
1076 2755 1198 2796 cornua

532 2841 605 2906 Suis
630 2840 776 2923 ligarunt,
801 2852 836 2904 ut
859 2843 1076 2922 conspicuum·
1097 2843 1129 2904 iu
1154 2840 1279 2922 proelio

531 2947 1278 3030 HabereutsignumquodsequerenturmiliteS,

532 3035 676 3119 Haesere
719 3058 750 3118 in
790 3058 892 3138 portis
929 3067 1071 3137 suntque
1110 3057 1197 3137 capti
1236 3056 1278 3118 ab

1062 3164 1280 3226 hostibus:

211 3269 305 3333 Babr.
333 3287 384 3349 31,
414 3271 467 3332 18:
529 3267 611 3347 τοὺς
624 3267 664 3332 δὲ
675 3268 890 3352 στρατηγοὺς
900 3269 1138 3350 εἰστρέχοντας
1148 3271 1213 3332 οὐκ
1224 3270 1280 3333 εἴα

506 3453 509 3460 .
531 3376 574 3440 τὰ
596 3379 745 3458 περισσὰ
765 3378 882 3459 κάρφη
899 3380 959 3457 τῆς
975 3378 1063 3458 ὀπῆς
1079 3375 1148 3440 έσα
1165 3375 1280 3440 δύνειν

532 3483 628 3568 μόνοι
651 3485 790 3548 θ’έάλον
814 3484 934 3548 αὐτόθι
959 3487 1070 3568 μυχῶν
1093 3484 1258 3565 πρόσθεν.

322 3627 480 3710 Quamuis
525 3640 634 3691 tamen
682 3631 882 3710 narrationes
928 3641 1095 3692 auctorum
1131 3631 1214 3692 inter
1242 3625 1279 3692 ‘se

210 3735 400 3816 congruant,
434 3757 475 3798 ne
498 3739 531 3800 in
555 3737 605 3798 his
629 3737 761 3818 quidem
784 3736 913 3800 sabulis
926 3735 1022 3818 plane
1045 3739 1163 3800 desunt
1186 3737 1280 3799 uesti-

210 3845 273 3925 gia,
298 3845 416 3924 quibus
439 3843 632 3907 concludere
657 3846 819 3924 possimus
842 3845 937 3906 huius
962 3843 1013 3907 uel
1030 3843 1112 3906 illius
1128 3844 1280 3906 narrandi

211 3953 368 4013 rationem
401 3953 534 4033 propius
557 3953 599 4014 ad
625 3953 748 4014 iontem
772 3950 859 4014 illurn
885 3951 1076 4032 Aesopeum
1101 3951 1279 4033 antiquissi-

157 4044 159 4048 ’
210 4079 298 4120 muni
335 4059 500 4122 accedere,
547 4059 679 4122 Fabulis
714 4058 885 4139 diligenter
913 4061 1093 4141 perspectis
1118 4058 1211 4123 facile
1235 4060 1278 4120 in-

211 4147 383 4247 telligimus
407 4167 558 4228 Babrium
584 4167 615 4228 in
633 4166 870 4228 narrationibus
887 4165 1087 4229 collectionis
1104 4166 1280 4246 Aesopeae

1228 4326 1242 4374 3
