3260 4882
294 1029 359 1101 De
388 1027 550 1116 fabulis,
581 1050 689 1124 quae
718 1039 887 1124 propter
915 1030 1144 1104 sententias
1173 1030 1214 1102 in
1244 1031 1293 1104 iis

267 1185 270 1188 ·
313 1153 497 1248 prolatas
512 1153 730 1248 posteriori
746 1155 871 1228 aetati
887 1154 1091 1250 originem
1108 1157 1271 1229 debent.

367 1350 403 1410 ln
438 1351 476 1412 iis
512 1349 638 1424 tabulis,
675 1351 707 1411 in
733 1350 850 1430 quibus
875 1352 1053 1413 tractandis
1077 1352 1183 1414 adhuc
1208 1355 1327 1416 uersati

259 1477 379 1532 sumus,
405 1457 556 1519 omnibus
580 1467 790 1538 praeceptum
814 1456 946 1538 aliquod
971 1457 1144 1533 rhetorum,
1170 1461 1258 1540 quod
1284 1463 1326 1522 ad

258 1563 437 1626 fabularum
473 1565 714 1626 scribendarum
752 1566 910 1639 rationem
943 1567 1105 1646 pertinuit,
1130 1567 1326 1648 inuestigare

258 1670 355 1746 licuit,
382 1674 468 1734 unde
491 1671 642 1734 concludi
666 1683 778 1753 posset
801 1692 857 1734 eas
881 1674 922 1734 ad
941 1672 1144 1754 disciplinam
1162 1675 1328 1738 rhetorum·

258 1778 444 1842 referendas
472 1799 553 1840 esse.
603 1780 638 1841 ln
664 1778 793 1860 reliquis
817 1789 923 1860 autem
949 1801 1048 1862 supra
1076 1801 1142 1842 non
1168 1783 1322 1856 tractatis

258 1887 299 1948 ad
335 1907 416 1967 quas
451 1887 633 1966 exigendas
668 1889 803 1950 transire
839 1888 902 1948 iam
932 1900 1062 1970 tempus
1086 1899 1144 1964 est,
1170 1899 1325 1952 nontam

257 1995 329 2074 ipsa
353 1979 443 2068 ratio,
469 1993 511 2054 ad
528 2014 625 2074 quam
642 1995 783 2074 scriptae
800 2006 883 2069 sunt,
901 2016 998 2076 quam
1016 1997 1168 2058 iudicium
1186 1998 1326 2058 auctoris

257 2112 289 2162 et
313 2102 485 2181 opiniones
509 2102 578 2163 eius
603 2103 758 2182 temporis
782 2103 959 2174 hominum,
978 2124 1061 2184 quae
1078 2105 1164 2165 iniis
1174 2105 1323 2184 aperiun·
1436 2175 1437 2178 Ἴ

257 2216 316 2283 tur,
354 2209 448 2270 nobis
483 2209 719 2282 demonstrant,
756 2231 820 2290 quo
845 2208 1032 2272 referendae
1056 2212 1128 2273 sint.
1177 2211 1245 2272 lam
1270 2211 1323 2273 diu

256 2317 334 2379 satis
350 2326 479 2378 constat
496 2327 603 2378 aetate
620 2317 783 2378 rhetorum
801 2315 924 2378 illorum
944 2319 1168 2397 posteriorum,
1187 2339 1323 2398 quorum

256 2421 460 2503 disciplinam
496 2423 632 2486 Babrius
668 2423 838 2505 amplexus
873 2436 931 2500 est,
961 2426 1116 2505 pietatem
1140 2445 1218 2506 erga
1242 2427 1322 2488 deos

256 2527 353 2609 plane
389 2529 508 2592 nullam
544 2531 651 2606 fuisse,
689 2531 779 2613 quod
813 2552 912 2612 quum
937 2533 1034 2595 etiam
1058 2535 1100 2605 de
1124 2535 1324 2613 argumentis

256 2636 364 2719 Babrii
399 2637 485 2700 haud
513 2639 624 2718 paucis
648 2638 754 2710 ualere
781 2638 912 2701 Crusius
936 2639 1041 2724 (Babr.
1068 2651 1129 2703 aet.
1156 2660 1231 2721 pag.
1259 2657 1317 2720 231

255 2742 338 2826 sqq.)
379 2745 511 2820 uideret,
552 2746 627 2808 inde
663 2745 823 2809 conclusit
857 2768 967 2808 eorum
1004 2758 1170 2810 auctorem
1196 2749 1324 2811 serioris

254 2851 369 2912 aetatis
393 2842 582 2932 scriptorem
608 2853 713 2915 fuisse.
762 2854 1009 2916 Ruthersordius
1032 2876 1163 2936 quoque
1185 2854 1321 2938 (proleg.

255 2978 330 3039 pag.
356 2958 599 3044 XLI-XLIV)
623 2960 710 3022 haud
734 2981 858 3041 paucas
882 2961 1006 3024 fabulas
1023 2964 1188 3042 produxit,
1206 2964 1344 3044 quibus

253 3067 431 3128 sententias
474 3088 493 3127 a
537 3066 740 3148 mythologia
784 3070 989 3150 antiquorum
1029 3069 1150 3132 alienas
1188 3071 1323 3152 proferri

255 3173 380 3252 probat.
429 3173 485 3236 ab
520 3177 719 3255 argumentis
755 3175 927 3256 AesopeiS,
964 3197 1045 3258 quas
1079 3176 1203 3240 labellis
1228 3180 1322 3250 nutri·

253 3279 395 3342 cularum
422 3282 570 3362 proxime
591 3270 746 3358 accedere
763 3284 841 3345 dicit
858 3283 1083 3365 Quintilianus
1102 3307 1201 3366 quum
1218 3307 1321 3349 narra-

252 3387 358 3450 tiones
372 3387 613 3469 nrythologicas
625 3409 740 3474 omnes
752 3389 850 3471 longe
861 3392 1043 3468 abhorrere,
1056 3402 1123 3454 tum
1136 3393 1321 3457 historiolas

252 3495 369 3575 impias
399 3516 440 3557 ex
465 3497 512 3571 iis,
538 3517 622 3577 quae
646 3517 744 3578 supra
768 3498 809 3558 de
833 3498 961 3579 Aesopi
986 3499 1101 3562 sabulis
1126 3501 1212 3563 dicta
1236 3513 1322 3577 sunt,

252 3621 411 3682 apparere
425 3604 532 3665 cred0.
551 3603 659 3666 Etiam
674 3603 809 3680 sabulaS,
824 3593 941 3686 quibus
954 3618 1146 3687 argumenta
1156 3609 1322 3672 obscoena

252 3718 437 3785 tractantur,
463 3711 505 3772 ad
530 3711 682 3774 Babrium
706 3713 888 3793 sophistam
913 3716 1072 3796 pertinere
1089 3716 1205 3778 eadem
1223 3737 1320 3780 causa

251 3817 459 3879 statuendum
484 3829 543 3880 est.
1036 3879 1038 3885 ,

359 3923 568 4006 Quamquam
592 3936 700 3988 autem
725 3928 862 3992 Babrius
887 3930 917 3991 in
937 3928 1051 3993 sabulis
1067 3931 1129 3992 huc
1147 3931 1321 3996 referendis

251 4032 428 4094 sententias
461 4043 494 4096 et
529 4053 621 4100 suas,
639 4035 741 4114 ipsius
777 4046 809 4099 et
845 4038 961 4100 aetatis
984 4057 1062 4100 suae
1087 4038 1138 4101 hic
1162 4038 1225 4101 illic
1249 4061 1319 4120 pro·

251 4138 384 4206 duxisse
401 4149 519 4226 potest,
538 4151 647 4208 tamen
666 4141 843 4210 fabularum
859 4146 1064 4228 antiquarum
1078 4144 1228 4228 reliquiis
1243 4168 1319 4233 quo·
