3260 4882
690 407 795 484 -.35
821 443 865 451 ..

347 617 585 697 Argumentum
620 617 683 680 sab.
721 617 816 678 Babr.
858 635 915 696 123
950 617 1164 698 Aristophani
1189 619 1305 697 (Vesp.

242 727 328 803 762),
366 723 536 788 Plutarcho
561 725 616 804 (de
640 745 712 805 cup.
739 725 802 786 diu.
830 738 847 803 7
874 725 954 789 llllor.
982 745 1011 804 p.
1042 725 1103 803 526
1129 725 1176 802 B),
1204 724 1305 787 Plinio

241 831 318 914 (nat.
362 832 434 896 hist.
479 831 566 907 VIII,
612 835 676 912 82),
722 831 894 912 Antiphilo
935 832 1117 911 Byzantino
1157 831 1304 916 (Anthol.

241 939 303 1004 Pal.
341 941 395 1013 IX,
434 943 509 1019 310)
545 942 711 1020 cognitum
749 939 845 1002 luisse
877 961 915 1002 ea
940 941 1089 1020 probant,
1115 939 1307 1020 quaelucu·

241 1046 342 1109 lenter
377 1047 507 1110 Crusius
531 1045 619 1130 (Phil.
647 1048 720 1110 LIII
746 1071 777 1128 p.
805 1047 879 1127 245)
905 1049 1091 1128 disputauit.
1141 1047 1239 1127 Quod
1265 1048 1306 1108 ad

241 1156 377 1236 patriam
403 1154 538 1218 tabellae
562 1157 686 1230 attinet,
712 1157 821 1218 nescio
846 1175 886 1218 an
913 1165 998 1216 recte
1018 1153 1128 1218 Keller
1144 1153 1176 1234 (l.
1195 1153 1213 1215 Ι.
1233 1173 1308 1234 pag.

243 1261 317 1346 347)
348 1273 574 1342 argumentum
600 1263 641 1324 ad
666 1263 824 1342 originem
851 1264 990 1326 Indicam
1017 1260 1176 1324 rettuliSse
1193 1263 1307 1342 possit.
1392 1306 1393 1309 ,

242 1371 297 1432 Ad
338 1372 476 1432 eandem
508 1371 733 1432 ,narrationem
776 1371 1002 1450 prinrigeniam
1035 1371 1133 1432 etiam
1169 1369 1331 1430 Phaedria

241 1479 295 1552 III,
325 1495 362 1540 12
387 1479 547 1558 pertinere
572 1478 650 1540 mihi
674 1479 801 1543 uidetur
825 1489 857 1539 et
880 1498 920 1538 eo
938 1476 1138 1558 probabilius
1154 1477 1198 1550 tit,
1218 1477 1306 1556 quod

241 1595 323 1648 teste
348 1585 534 1647 Burmanno
559 1586 645 1668 (pag.
677 1587 750 1664 184)
775 1585 921 1666 Cuperus
945 1586 977 1646 in
1007 1584 1151 1646 Monum.
1193 1579 1307 1663 Antiq'.

242 1715 272 1774 p.
311 1709 375 1756 200
410 1692 523 1755 docuit
559 1703 703 1754 »ueteres
740 1713 797 1772 per
833 1691 937 1772 pullos
972 1690 1171 1766 intellexisse
1205 1690 1309 1771 gallos

241 1799 470 1882 gallinaceosi.
519 1800 682 1863 Phaedrus
715 1802 811 1880 igitur
843 1821 915 1862 curn
941 1798 1171 1880 Aristophane,
1197 1799 1308 1879 quiet

241 1911 312 1989 ipse
335 1906 456 1988 gallum
481 1907 695 1988 gallinaceum
719 1908 850 1981 inducit,
877 1909 981 1987 magis
1006 1927 1104 1988 quam
1129 1925 1202 1967 curn
1227 1915 1309 1968 cete-

243 2017 285 2078 ris
308 2015 505 2090 auctoribus,
531 2016 585 2095 qui
609 2015 694 2076 idem
720 2023 859 2095 tangunt
884 2025 1120 2094 argumentum,
1147 2013 1308 2094 congruit.

243 2123 313 2186 Has
337 2123 432 2203 igitur
456 2143 571 2184 omnes
595 2121 730 2196 fabulas,
756 2143 854 2203 quum
879 2133 912 2184 et
928 2125 970 2184 ad
986 2123 1196 2203 quaestiones
1212 2121 1310 2184 histo·

243 2231 309 2293 riae
334 2229 496 2304 naturalia,
522 2231 612 2292 cuius
636 2231 764 2310 generis
786 2229 915 2292 -sabulas
939 2231 970 2293 in
994 2229 1129 2310 syllogis
1147 2228 1311 2308 Aesopeis

243 2339 383 2419 antiquis
406 2337 507 2400 lectas
530 2358 602 2403 esse
626 2339 902 2400 demonstrauisse
925 2337 1003 2400 mihi
1028 2338 1150 2410 uideor,
1176 2337 1311 2417 pertine-

243 2457 298 2510 ant
332 2457 366 2508 et
401 2447 442 2508 ab
467 2445 653 2508 auctoribus
677 2445 829 2509 naturalis
855 2446 1006 2508 historiae
1031 2445 1220 2526 plerumque
1244 2464 1310 2506 nar-

244 2553 422 2616 rationibus
456 2552 668 2634 proserantur,
706 2574 789 2634 quae
825 2553 1067 2616 similitudinem
1104 2572 1176 2614 cum
1203 2551 1308 2612 Babri-

244 2663 314 2724 anis
338 2662 504 2742 praebent,
530 2682 571 2723 ex
596 2660 787 2724 collectione
812 2662 968 2742 Aesopea
993 2683 1011 2722 a
1036 2660 1153 2723 Babrio
1178 2660 1310 2723 haustas

243 2790 315 2833 esse
327 2779 434 2832 statuo
448 2779 480 2832 et
493 2770 525 2832 in
538 2768 618 2832 libro
633 2767 740 2832 Babrii
754 2770 860 2849 priore
875 2769 1081 2850 reponendas
1094 2787 1165 2830 esse
1179 2787 1306 2829 censeo.

355 2877 463 2958 Quum
500 2878 542 2940 de
573 2876 661 2938 fonte
685 2877 820 2938 Phaedri
846 2876 1003 2957 Aesopeo
1028 2876 1207 2956 disputatio
1231 2885 1309 2948 erat,

245 2985 436 3048 uidebamus
471 3005 544 3047 eum
571 2983 696 3047 fabulas
719 2987 807 3066 apud
833 2985 1005 3065 Aesopum
1030 2984 1202 3057 inuenisse,
1228 3001 1312 3062 quae

246 3095 347 3156 uitam
383 3093 530 3172 prudenti
556 3091 691 3155 consilio
716 3103 893 3166 monerent,
920 3104 952 3154 et
975 3113 1059 3172 quae
1084 3093 1181 3152 risum
1206 3089 1311 3172 legen-

244 3203 322 3264 tium
348 3179 524 3263 mouerent.
571 3200 681 3262 Monui
707 3201 769 3262 hoc
794 3221 895 3280 genus
920 3203 961 3262 de
984 3197 1142 3278 γελοίοις,
1168 3196 1244 3260 illud
1269 3197 1311 3259 de

245 3310 366 3390 mythis
408 3307 651 3388 Intelligendum
694 3327 774 3370 esse.
830 3308 939 3388 Quum
977 3319 1084 3370 autem
1121 3314 1313 3388 argumenta

244 3417 379 3480 Phaedri
421 3437 463 3478 ex
501 3415 638 3496 Aesopo
675 3426 805 3495 sumpta
841 3426 1123 3496 perscrutaremur,
1160 3415 1312 3495 apparuit

245 3535 437 3605 argumenta
471 3522 524 3584 illa
559 3522 690 3584 ridicula
722 3522 807 3585 nulla
836 3522 898 3584 alia
922 3543 993 3584 esse
1018 3544 1115 3604 posse
1140 3543 1237 3604 quam
1264 3543 1311 3595 ea,

245 3653 329 3714 quae
364 3632 478 3694 eadem
504 3651 545 3692 ex
570 3630 703 3692 historia
727 3630 861 3693 naturali
886 3642 1017 3711 sumpta
1041 3641 1142 3705 erant,
1168 3631 1217 3692 cui
1242 3650 1312 3692 sen-

244 3741 366 3802 tentiae
404 3741 501 3802 etiam
539 3739 669 3800 Crusius
705 3740 821 3822 (Rhen.
850 3739 931 3800 Mus.
958 3738 1108 3812 XXXIX,
1135 3758 1209 3818 pag.
1235 3739 1313 3816 605)

245 3847 287 3910 de
311 3847 448 3910 Phaedri
462 3847 499 3920 ,Ι,;
523 3847 564 3908 26
588 3845 702 3908 saltem
727 3849 882 3909 accedere
908 3847 1087 3908 uidebatur.
1135 3845 1233 3926 Quod
1259 3846 1313 3924 igi-

245 3967 295 4016 tur
331 3953 494 4017 Phaedrus
518 3974 557 4016 ea
580 3953 650 4016 sola
674 3965 865 4033 argumenta
890 3975 907 4016 e
932 3956 1111 4035 posteriore
1136 3963 1234 4033 parte.
1252 3951 1314 4031 syl·

200 4047 204 4052 ¹
245 4061 337 4143 loges
361 4061 536 4142 Aesopeae
561 4062 683 4142 petiuit,
710 4060 797 4123 haud
820 4062 919 4124 dubie
940 4061 984 4124 'de
1007 4061 1199 4123 condicione
1217 4058 1314 4120 sontis

246 4170 313 4234 eius
337 4179 481 4234 testatur.
524 4169 738 4232 Hausrathius
774 4171 868 4248 (neue
889 4169 999 4250 Jahrb.
1028 4170 1122 4249 '1898,
1142 4187 1216 4249 pag.
1238 4169 1313 4246 309)
