3260 4882
595 407 836 481 2295-

323 619 374 680 De
409 618 526 698 quibus
562 617 707 680 uersibus
742 617 851 678 nescio
885 632 926 676 an
960 613 1284 678 animaduertendum

216 728 256 788 sit
291 727 388 788 etiam
424 745 466 786 ex
502 723 609 787 sabula
643 723 754 785 Babrii
788 724 841 796 66,
878 742 975 803 quam
1000 721 1190 803 Aesopeam
1214 743 1285 785 esse

218 835 475 896 demonstratum
510 841 570 905 est,
607 830 848 893 conclusionem
880 831 995 892 eodem
1021 829 1086 892 sere
1110 832 1210 892 modo
1234 829 1308 914 (ci,

138 938 140 944 ’
217 939 271 1004 διό
308 961 361 1022 μοι
397 937 540 1002 δοκοῦσι
578 939 662 1020 κτλ.)
701 939 855 1019 protrahi.
905 937 1057 1002 Secundo
1098 937 1284 1000 Hausrathii

216 1047 395 1111 fabularum
420 1048 531 1128 generi
553 1045 640 1108 haud
665 1045 763 1108 dubie
786 1045 979 1108 tribuendae
1000 1055 1079 1124 sunt
1093 1046 1143 1120 26,
1161 1060 1214 1125 47,
1232 1061 1285 1124 97,

221 1171 291 1234 130,
316 1176 381 1236 quo
411 1173 530 1235 genere
553 1153 753 1216 narrationes
778 1172 885 1224 merae
910 1162 1086 1234 praecepto
1103 1151 1157 1215 illo
1174 1151 1286 1216 morali

217 1262 309 1345 primi
333 1263 461 1343 generis
484 1271 631 1326 carentes
654 1258 862 1323 delectationi
886 1255 945 1322 soli
970 1259 1144 1341 legentium
1161 1279 1286 1322 accom-

217 1371 369 1434 modatae
392 1379 477 1433 sunt.
525 1367 682 1431 Fabulam
711 1368 752 1430 26
775 1367 879 1429 sclam
904 1369 1019 1442 causis,
1044 1369 1153 1442 cred0,
1172 1367 1286 1448 proba-

216 1478 333 1542 bilibus
368 1486 552 1540 commotus
586 1477 681 1538 tertio
706 1477 814 1556 generi
838 1475 955 1538 tribuo,
1003 1475 1076 1536 Hac
1101 1475 1209 1539 sabula
1234 1476 1285 1548 26,

217 1597 250 1649 ut
285 1588 326 1648 de
361 1595 555 1666 argumento
589 1603 631 1646 ex
647 1583 794 1646 ‘historia
818 1582 953 1644 naturali
978 1584 1080 1664 petito
1103 1585 1287 1663 exspectari

217 1703 335 1774 potest,
359 1701 499 1773 excepta
523 1693 554 1753 in
580 1690 771 1754 collectione
797 1689 917 1754 Halmii
935 1691 1159 1771 expositiones
1175 1711 1286 1752 eorun-

217 1802 290 1862 dem
316 1809 579 1881 argumentorum
597 1799 811 1872 inueniuntur,
829 1819 913 1879 quae
928 1818 1028 1879 quum
1046 1797 1133 1860 nulla
1150 1799 1287 1880 uestigia

217 1909 403 1989 praebeant,
430 1906 547 1988 quibus
571 1904 765 1969 concludere
789 1905 884 1968 liceat
907 1925 964 1968 eas
984 1906 1200 1988 paraphrases
1216 1925 1287 1968 esse

216 2016 457 2088 Babrianarum‚
483 2024 593 2076 tamen
617 2014 760 2076 minutiis
785 2012 946 2076 nonnullis
963 2014 1198 2094 praetermissis
1213 2022 1287 2076 cum

217 2123 334 2186 Babrio
370 2123 448 2186 satis
483 2131 676 2202 congruunt,
712 2130 748 2183 ut
780 2120 998 2202 colligendum
1023 2121 1065 2183 sit
1088 2122 1126 2184 iis
1151 2120 1286 2183 sormam

216 2232 354 2294 eandem
394 2230 618 2310 primigeniam
657 2239 755 2309 atque
795 2228 962 2292 Babrianis
1001 2228 1144 2290 subesse.
1203 2227 1287 2293 Sunt

217 2336 325 2400 Halm.
355 2354 425 2416 103,
456 2352 525 2416 173,
552 2335 626 2411 262,
653 2350 717 2416 279
753 2350 826 2416 317.

323 2445 369 2508 Vt
392 2445 550 2524 originem
576 2442 638 2508 fab.
666 2445 708 2506 26
723 2445 935 2522 inueniamus,
953 2463 1108 2524 magnum
1125 2439 1287 2508 adiumen-

217 2563 283 2616 tum
321 2552 415 2614 nobis
450 2551 563 2616 afferre
595 2550 694 2614 credo
719 2571 846 2614 uersum
876 2568 923 2626 10,
948 2553 1070 2634 inquo
1095 2563 1288 2632 argumento

217 2659 269 2735 illi,
295 2662 384 2740 quod
408 2670 459 2721 est
482 2659 524 2720 de
548 2658 633 2721 bello
658 2679 771 2740 gruum
797 2670 828 2722 et
852 2658 1100 2739 Pygmaeorum,
1127 2659 1286 2722 alluditur.

217 2766 465 2833 Ruthersordius
489 2768 520 2827 in
545 2768 781 2830 commentario
806 2785 880 2847 pag.
901 2781 941 2844 32
959 2777 1071 2830 monet
1088 2765 1173 2828 illam
1191 2767 1287 2830 histo-

217 2877 295 2938 riam
329 2875 371 2937 ab
396 2874 543 2936 Homero
567 2873 612 2958 (ΙΙ.
640 2890 668 2952 3,
696 2873 735 2957 3),
761 2872 947 2949 Aristotele,
974 2873 1146 2948 Strabone,
1172 2873 1286 2948 Gelli0,

217 2983 400 3057 Athenaeo,
436 2979 593 3062 Oppiano
627 2983 884 3044 commemorari.
926 2981 1070 3044 ‘Addere
1107 2981 1201 3045 uelim
1228 3003 1289 3044 nos

217 3089 341 3152 scholio
365 3091 407 3153 ad
432 3087 538 3152 locum
560 3087 647 3150 illum
665 3089 800 3151 Homeri
817 3090 969 3151 certiores
986 3089 1052 3152 fieri
1070 3091 1167 3152 etiam
1185 3090 1288 3152 Heca·

216 3207 325 3260 taeum
343 3195 503 3259 Milesium
521 3193 639 3258 bellum
657 3196 744 3258 idem
761 3196 981 3277 descripsisse,
999 3217 1139 3278 quocum
1157 3207 1288 3260 auctore

213 3303 378 3384 Juuenalis
401 3302 471 3388 (sat.
498 3303 584 3377 XIII,
614 3301 685 3387 167)
702 3304 733 3364 in
751 3305 865 3366 eadem
883 3323 916 3366 re
933 3305 1093 3368 narranda
1109 3324 1289 3389 congruere

218 3413 353 3474 uidetur.
401 3409 467 3473 Sed
492 3411 645 3492 quoniam
670 3412 757 3492 apud
782 3410 934 3473 Babrium
959 3420 1084 3474 tantum
1108 3411 1182 3473 huic
1203 3410 1288 3474 bello

217 3516 367 3582 alluditur
401 3538 506 3598 neque
542 3519 637 3580 ineo
662 3519 853 3597 argumento
878 3526 1023 3580 uersatur
1046 3519 1195 3592 narratio,
1222 3518 1288 3579 lon·

216 3636 281 3688 tem
317 3644 523 3688 communem
547 3624 589 3686 ab
614 3624 799 3686 auctoribus
824 3622 884 3686 illis
907 3635 939 3686 et
963 3625 1082 3687 Babrio
1106 3625 1287 3688 adhibitum

217 3753 289 3796 esse
324 3743 466 3795 statuere
490 3730 707 3813 prohibemur.
756 3729 899 3794 Aliunde
924 3733 1019 3812 igitur
1043 3733 1171 3796 fabulae
1196 3735 1288 3815 origo

218 3841 361 3922 petenda
384 3850 441 3926 est.
489 3837 523 3902 Si
547 3837 647 3900 libros
672 3837 801 3901 Aeliani
826 3837 1091 3919 peruoluerimuS,
1116 3837 1309 3922 apparebit

217 3969 291 4010 eum
328 3957 491 4008 auctorem
523 3946 554 4006 in
579 3947 645 4008 uita
669 3966 783 4026 gruum
808 3946 1021 4010 describenda
1045 3934 1180 4010 multum
1205 3968 1286 4010 esse.

219 4057 292 4118 Nat.
319 4055 384 4116 An.
411 4054 465 4127 111,
495 4070 531 4130 13
565 4054 719 4116 discimus
743 4074 840 4134 grues
865 4073 922 4134 per
945 4065 1102 4117 aestatem
1128 4057 1160 4118 ln
1185 4057 1288 4140 patria

208 4167 236 4228 i.
262 4186 290 4226 e.
316 4162 455 4226 Thracia
484 4180 623 4234 manere,
649 4172 824 4223 auctumno
849 4172 956 4222 autem
974 4163 1012 4224 'in
1037 4162 1231 4243 Aegyptum
1257 4174 1288 4223 et
