3260 4882
678 389 874 456 ...113..

241 588 288 652 bit
318 609 402 660 eum.
428 601 463 652 ut
486 592 556 670 ipse
579 593 667 670 (nam
693 593 725 654 in
750 591 858 655 sabula
882 593 906 667 I,
933 609 950 654 2
976 593 1157 658 Phaedrum
1182 592 1310 675 Aesopi

240 717 381 777 persona
402 717 437 758 se
453 699 560 779 ipsum
577 697 710 779 intelligi
727 698 871 762 uoluisse
886 702 998 780 credo)
1015 699 1219 782 propositum
1237 723 1309 784 pro·

239 805 344 884 prium
357 805 524 886 quoddam
536 826 737 887 persequens
747 808 974 888 prodiret-has
983 811 1184 872 narrationes
1193 809 1308 893 sabulis

239 912 406 974 adiecisse.
447 913 550 976 Recte
575 913 744 994 Vanda‘e'le
768 913 786 976 l.
812 913 837 979 1.,
858 936 896 995 ρ..
910 931 948 994 33
964 918 1090 978 monuit
1105 918 1156 978 »in
1170 917 1309 983 Phaedri

143 1037 145 1040 ·
240 1017 365 1080 fabellis
388 1022 536 1100 asperius
560 1019 681 1102 aliquid
705 1023 810 1084 inesse
834 1031 867 1084 et
890 1024 1010 1090 tristius
1034 1033 1067 1086 et
1089 1025 1306 1101 mordacius»,

240 1128 326 1188 uude
362 1126 455 1190 facile
489 1127 678 1210 intelligitur
712 1149 785 1190 eum
819 1129 882 1194 hoc
907 1130 1074 1194 rhetorum
1094 1142 1307 1215 praeceptum

238 1233 300 1296 sibi
323 1237 510 1315 sumpsisse,
535 1247 571 1298 ut
593 1237 851 1317 indignationem
877 1229 1116 1301 narrationibus
1132 1238 1193 1302 illis
1209 1241 1308 1322 effun-

238 1343 338 1404 deret.
386 1342 503 1424 Longe
538 1342 649 1416 aliam
669 1345 826 1406 rationem
859 1344 1013 1410 Babrium
1037 1347 1069 1409 in
1095 1345 1211 1410 sabulis
1234 1349 1307 1412 scri·

237 1447 354 1511 bendis
389 1459 536 1514 secutum
572 1471 644 1513 esse
667 1452 732 1514 iam
757 1436 877 1515 monui.
926 1451 1023 1514 Nulla
1047 1454 1102 1529 ira,
1129 1453 1217 1518 nullo
1241 1465 1306 1518 stu-

236 1555 294 1618 dio
327 1558 448 1638 scripta
482 1560 647 1638 po'e'matia
680 1559 748 1622 eius
783 1579 957 1640 personam
994 1562 1143 1628 auctoris
1172 1564 1306 1626 omnino

237 1668 414 1728 remouent.
463 1665 530 1728 Ne'
548 1666 645 1746 igitur
669 1667 803 1730 miratus
826 1668 871 1730 sis
895 1668 927 1730 in
951 1666 1066 1732 libellis
1090 1671 1159 1732 eius
1184 1669 1304 1734 nullum

141 1819 147 1830 .
236 1759 372 1834 inueniri
406 1771 592 1854 exemplum
630 1775 763 1836 rationis
799 1772 881 1836 illius
905 1773 1031 1838 fabulas
1055 1797 1128 1840 cum
1152 1777 1305 1840 narratio·

236 1879 330 1941 nibus
366 1881 591 1944 connectendi.
640 1880 748 1944 Causa
782 1883 812 1944 ei
848 1902 914 1945 non
950 1882 1016 1958 suit,
1050 1904 1106 1946 cur
1130 1879 1306 1966 praecepto

235 1985 290 2048 illo
332 1997 483 2051 uteretur.
549 1989 665 2052 Restat
708 1990 805 2070 igitur
849 1998 883 2050 nt
925 1990 1096 2060 uideamus
1136 1994 1304 2072 quomodo

235 2093 372 2157 Babrius
407 2096 438 2158 in
463 2094 580 2160 fabulis
604 2097 821 2162 extendendis
845 2107 877 2160 et
902 2097 1133 2162 contrahendis
1157 2108 1305 2162 uersatus

235 2202 285 2264 sit.
333 2202 550 2266 Hausrathius
584 2203 604 2268 l.
638 2202 658 2266 l.
696 2225 726 2285 p.
764 2221 825 2284 313
863 2214 949 2270 recte
973 2206 1102 2268 monuit
1122 2207 1155 2268 in
1179 2208 1305 2270 ratione

235 2311 434 2372 extendendi
458 2311 540 2376 inter
554 2331 599 2374 se
622 2333 720 2392 quam
745 2313 894 2393 proxime
918 2333 1069 2384 connexa
1093 2334 1165 2376 esse
1185 2312 1303 2394 μῦθον,

239 2413 405 2496 διήγησιν,
424 2415 618 2497 ἠθοποιῑαν.
656 2419 707 2480 Ex
732 2419 896 2500 exemplo,
920 2420 1010 2500 quod
1026 2440 1102 2522 pag.
1121 2434 1181 2500 315
1201 2421 1304 2496 affert,

234 2523 452 2606 colligendum
477 2536 528 2588 est
550 2527 629 2588 addi
653 2547 751 2607 posse
775 2529 872 2590 etiam
898 2525 1074 2608 ἔκφρασιν.
1123 2527 1232 2608 Quum
1250 2549 1303 2592 au·

235 2641 300 2694 tem
338 2631 492 2708 Theonis
529 2643 563 2696 ut
594 2635 839 2715 supradictum
864 2645 923 2709 est,
949 2645 1128 2716 praecepta
1152 2635 1303 2698 obserua-

171 2751 173 2754 ’
233 2740 315 2802 uerit
349 2739 493 2816 Babrius⁵
531 2741 625 2804 nobis
661 2762 795 2804 necesse
819 2740 888 2816 erit',
920 2763 1019 2823 quum
1045 2741 1170 2806 fabulas
1195 2743 1302 2806 Babrii
1383 2767 1385 2772 ’

233 2847 295 2909 huc
320 2847 504 2910 referendas
528 2850 761 2924 examinamus,
786 2851 895 2930 capita
911 2849 974 2925 illa,
992 2845 1076 2930 quae
1092 2850 1191 2913 habet
1208 2849 1302 2914 Theo

233 2955 275 3040 de
298 2951 463 3036 διηγήσει,
488 2953 659 3035 ἠθοποιῑᾳ,
685 2956 861 3038 ἐκφράσει,
888 2977 954 3020 non
980 2959 1086 3020 minus
1101 2977 1200 3038 quam
1217 2978 1302 3038 quae

233 3062 275 3126 de
299 3062 414 3142 mytho
439 3063 584 3144 disputat
607 3065 776 3144 respicere.
818 3071 819 3074 ’

141 3149 144 3154 ’
339 3169 556 3232 Hausrathius
595 3170 614 3234 l.
654 3169 673 3232 1.
714 3191 746 3251 p.
771 3173 851 3249 '314
891 3181 1002 3234 monet
1041 3172 1073 3234 in
1109 3171 1300 3236 collectione
1366 3179 1368 3184 “

233 3275 355 3338 Halmii
395 3276 520 3340 fabulas
559 3279 703 3352 inueniri,
744 3298 828 3358 quae
866 3297 1064 3360 quamquam
1105 3291 1300 3360 argumento
1364 3279 1367 3286 '

232 3385 366 3448 omnino
389 3385 524 3447 eaedem
549 3395 633 3460 sunt,
659 3387 722 3448 iam
747 3385 928 3465 longiorem
953 3388 1123 3466 prolerunt
1147 3389 1299 3450 narratio·

232 3511 316 3566 nem,
341 3493 405 3554 iam
429 3492 620 3569 breuiorem,
645 3503 679 3556 ut
703 3503 861 3574 appareat
884 3503 1051 3556 auctorem
1075 3515 1111 3556 se
1140 3495 1173 3556 in
1189 3505 1299 3558 exten-

232 3599 344 3661 dendo
374 3610 407 3661 et
430 3600 610 3662 breuiando
634 3602 828 3678 exercuisse.
877 3601 943 3662 Eas
966 3612 1074 3664 antem
1099 3601 1186 3664 solas
1210 3622 1299 3666 exer·
1388 3683 1390 3686 Ι

231 3708 402 3770 citationes
418 3708 490 3768 usui
506 3707 701 3772 scholastico
718 3710 919 3789 compositas
936 3729 1008 3772 esse
1024 3719 1056 3770 et
1073 3728 1114 3770 ex
1128 3709 1297 3791 exemplis,

204 3834 314 3894 ‚qnae
355 3815 458 3890 affert,
503 3814 606 3878 elucet
642 3825 674 3877 et
710 3837 743 3878 re
778 3818 850 3897 ipsa
885 3815 1080 3897 intelligitur.
1140 3815 1175 3879 Si
1210 3819 1297 3880 enim

230 3931 455 4002 argumentum
479 3923 567 3984 idem
591 3921 679 3985 nullo
704 3909 887 4010 discrimine
911 3935 968 3994 aut
990 3924 1219 3987 extenderetur
1243 3905 1298 3988 aut

230 4028 437 4104 breuiaretur‚
469 4049 521 4094 ars
544 4028 598 4093 illa
622 4029 708 4094 nullo
734 4032 833 4094 modo
858 4053 933 4094 uere
958 4030 1043 4103 utilis
1067 4041 1162 4105 esset.
1204 4031 1298 4112 Quae

230 4157 329 4219 quum
366 4139 411 4200 ita
445 4139 519 4213 sint,
555 4147 697 4200 statuere
733 4138 827 4200 uelim
859 4140 996 4218 primum
1022 4139 1153 4219 quidem
1179 4157 1298 4220 pueros

1244 4285 1260 4334 8
1333 4325 1338 4334 .
