3244 4868
366 1019 486 1114 Quae
515 1041 538 1092 e
567 1019 761 1116 mythicis
790 1041 816 1094 a
843 1019 976 1094 Suida
1004 1019 1139 1093 allatis
1167 1020 1219 1092 de
1247 1020 1362 1094 fonte

481 1143 630 1241 prioris
658 1143 802 1218 Babrii
831 1143 922 1218 libri
953 1144 1041 1217 erui
1071 1143 1243 1240 possint.

442 1342 511 1404 Iam
554 1361 653 1422 supra
688 1341 874 1403 commonui
903 1339 1052 1402 Crusium
1080 1341 1112 1403 in
1141 1340 1398 1422 encyclopaedia

333 1450 512 1512 Wissowae
546 1450 697 1512 docuisse
731 1449 773 1510 ad
809 1449 950 1529 priorem
974 1447 1070 1511 libelli
1094 1447 1247 1512 Babriani
1271 1460 1395 1530 partem

331 1566 417 1618 recte
440 1556 702 1620 constituendam
726 1565 855 1636 praeter
878 1554 1004 1618 fabulas
1024 1555 1166 1618 Phaedri
1185 1576 1260 1618 cum
1276 1555 1396 1619 Babrio

331 1683 521 1726 communes
544 1664 641 1726 etiam
666 1663 811 1743 mythica
834 1661 955 1725 Suidae
979 1663 1010 1724 in
1035 1663 1179 1726 editione
1202 1663 1303 1743 ipsius
1320 1683 1395 1745 pag.

332 1785 502 1851 215—-221
532 1769 667 1833 collecta
690 1768 827 1833 multum
850 1768 967 1833 ualere.
1016 1769 1050 1833 Si
1075 1771 1172 1850 igitur
1194 1779 1395 1851 argumenta,

330 1899 413 1960 quae
438 1878 488 1940 his
512 1878 700 1959 fragmentis
724 1877 870 1952 subsunt,
896 1878 1201 1953 examinauerimus,
1226 1878 1399 1959 apparebit

330 2008 349 2049 a
384 1993 483 2067 po‘eta
514 1985 564 2048 uel
589 1987 695 2066 poetis
719 1984 796 2068 (qua
820 1987 861 2048 de
885 2005 919 2048 re
942 1985 982 2048 cf.
1008 1984 1098 2048 Crus.
1124 1985 1205 2067 prol.
1229 1985 1300 2068 XC)
1324 1986 1396 2048 dac·

329 2092 501 2175 tylicorum
541 2093 795 2175 fragmentorum
835 2093 894 2155 has
932 2092 1042 2156 Babrii
1062 2091 1207 2156 ‘fabulas
1243 2102 1398 2155 tractatas

330 2221 412 2276 esse,
437 2202 526 2282 quod
550 2201 651 2263 etiam·
670 2199 801 2263 Crusius
818 2201 959 2263 numeris
974 2201 1066 2263 uncis
1082 2200 1212 2264 inclusis
1228 2200 1395 2263 indicauit:

338 2311 386 2384 16,
414 2311 464 2389 36,
490 2325 543 2388 43,
568 2309 621 2387 64,
646 2309 699 2383 66,
725 2309 778 2388 67,
801 2315 857 2388 75,
883 2310 935 2383 82,
961 2308 1013 2382 86,
1037 2325 1091 2387 93,
1115 2307 1208 2389 950),
1239 2310 1398 2386 108,115,

336 2434 406 2481 122.
454 2415 600 2498 Quarum
639 2417 717 2478 satis
755 2436 910 2496 magnam
945 2427 1070 2496 partem
1106 2416 1138 2479 in
1173 2414 1256 2478 libro
1292 2416 1398 2496 priore

331 2525 439 2588 Babrii
474 2523 592 2586 lectam
627 2533 659 2587 et
693 2543 735 2585 ex
771 2513 963 2585 collectione
998 2523 1109 2585 nescio
1145 2543 1211 2604 qua
1238 2521 1395 2602 Aesopea

330 2633 480 2696 haustam
516 2652 588 2694 esse
611 2632 675 2693 iarn
700 2631 776 2694 inde
799 2629 1059 2693 concludendum
1083 2640 1161 2705 erat,
1186 2631 1275 2712 quod
1299 2629 1397 2692 etiam

331 2761 349 2802 a
373 2740 521 2802 Phaedro
544 2740 566 2801 6
589 2739 702 2801 harum
726 2737 906 2800 fabularum
923 2758 965 2800 ex
984 2737 1072 2800 fonte
1088 2756 1207 2818 graeco
1223 2735 1398 2800 translatae

330 2859 414 2911 sunt.
462 2847 561 2909 Dico:
598 2863 650 2925 43,
686 2846 739 2920 66,
775 2849 829 2925 67,
862 2847 914 2920 82,
938 2862 992 2924 93,
1023 2847 1093 2908 108.
1141 2845 1278 2908 Restant
1302 2845 1399 2925 igitur

337 2957 384 3029 16,
411 2956 462 3034 36,
487 2955 540 3032 64,
567 2967 618 3033 75,
645 2953 696 3028 86,
721 2951 815 3036 950),
846 2967 916 3032 115,
947 2969 1016 3026 122,
1037 2953 1080 3014 de
1096 2951 1215 3033 quibus
1231 2952 1399 3014 uideamus

331 3084 397 3144 quo
432 3062 621 3124 referendae
656 3063 729 3136 sint,
766 3060 885 3142 quibus
911 3058 992 3122 locis
1016 3069 1183 3122 auctorum
1207 3079 1397 3140 graecorum

331 3169 466 3233 aliorum
491 3179 670 3244 occurrant,
696 3189 760 3250 qua
785 3178 892 3230 aetate
916 3179 1007 3229 ortae
1030 3187 1102 3230 esse
1126 3167 1305 3230 uideantur.

439 3278 506 3341 Iam
542 3297 641 3359 supra
675 3296 751 3358 pag.
789 3293 806 3337 2
814 3290 828 3354 5
866 3277 1005 3349 ostendi,
1042 3276 1069 3337 si
1097 3285 1182 3338 recte
1206 3275 1398 3338 coniecisset

332 3386 463 3449 Crusius
487 3385 639 3447 Babrium
665 3383 803 3464 prologo
824 3383 852 3444 ΙΙ
869 3381 1004 3444 aemulis
1020 3381 1081 3444 illis
1097 3381 1268 3444 leuissimis
1285 3387 1400 3468 poetas

332 3493 511 3557 fabularum
536 3491 769 3572 dactylicarum
793 3489 928 3571 intelligi
952 3489 1104 3565 uoluisse,
1130 3490 1193 3553 iam
1218 3490 1293 3551 inde
1309 3489 1399 3568 sequi

213 3667 215 3672 ,
333 3600 419 3664 nulla
447 3599 509 3662 alia
533 3621 631 3681 quam
656 3608 848 3680 argumenta
872 3597 1028 3677 Aesopea
1052 3597 1094 3659 ab
1118 3597 1167 3659 his
1191 3597 1297 3678 poetis
1322 3606 1399 3658 trac-

331 3719 400 3772 tata
434 3729 515 3783 esse,
552 3728 651 3789 quum
686 3727 704 3768 e
739 3706 821 3768 libro
850 3707 957 3785 priore
980 3703 1051 3766 solo
1076 3704 1183 3767 Babrii
1208 3703 1396 3784 penderent.

332 3816 497 3898 Quoniam
533 3826 643 3878 tamen
679 3815 865 3876 coniectura
901 3822 950 3879 est
986 3832 1045 3874 nec
1074 3833 1133 3893 pro
1157 3821 1245 3873 certo
1269 3811 1400 3891 probari

332 3934 450 4006 potest,
475 3925 516 3985 de
540 3923 590 3985 his
614 3921 710 3983 rebus
732 3920 826 3982 nobis
843 3919 982 4001 amplius
999 3931 1047 3982 est
1064 3918 1397 3999 circumspiciendum.

331 4032 495 4094 Auctores
532 4050 682 4092 uersuum
711 4030 742 4091 in
767 4027 880 4090 litteris
904 4029 1029 4108 graecis
1053 4028 1132 4090 satis
1156 4035 1303 4088 uersatus
1327 4045 1399 4087 esse

332 4161 374 4202 ex
409 4139 560 4201 omnibus
596 4137 661 4199 fere
695 4135 889 4198 concludere
919 4134 1002 4197 licet.
1051 4134 1218 4216 Quantum
1243 4134 1329 4195 enim
1354 4152 1396 4194 ex
