3244 4868
712 302 947 408 ’,66-

323 553 422 617 bendi
456 555 584 636 generis
619 557 697 642 satis
732 560 852 638 peritis,
889 571 933 621 ut·
958 569 1050 620 erant
1072 557 1160 620 haud
1184 578 1256 619 raro
1280 568 1388 621 aetate

324 659 377 722 illa
412 662 575 724 rhetorum
611 666 835 744 posteriorum,
872 666 1074 746 compositas
1109 684 1181 728 esse
1211 665 1390 728 statuerim.

307 768 441 831 ,Vtrum
477 789 518 831 ex
554 770 673 833 Babrio
709 785 900 854 argumenta
934 773 1141 854 sumpserint,
1166 773 1255 854 quod
1280 773 1392 860 statuit

219 933 224 946 ,
324 875 464 951 CrusiuS,
499 896 541 940 an
577 877 699 940 fontem
725 881 831 960 ipsum
856 880 1048 963 Aesopeum
1072 873 1288 955 adhibuerint,
1313 879 1390 943 mihi

324 983 465 1064 quidem,
507 995 542 1046 ut
579 987 783 1067 propositum
822 1009 931 1050 meum
970 1007 1135 1068 assequar,
1174 987 1308 1050 minoris
1342 997 1392 1050 est
1459 1029 1460 1032 κ

323 1093 489 1154 momenti.
537 1093 662 1156 Tamen
699 1094 777 1156 mihi
812 1116 878 1158 non
913 1093 1120 1158 inuerisimile
1156 1094 1282 1156 uidetur
1317 1114 1389 1156 esse

323 1206 439 1280 poetas
475 1198 652 1262 fabularum
667 1201 919 1282 dactylicarum,
945 1211 980 1264 ut
1003 1210 1096 1264 erant
1118 1200 1231 1264 litteris
1254 1202 1399 1283 antiqui--

323 1306 435 1369 oribus
458 1308 583 1387 graecis
607 1308 730 1384 imbuti,
748 1308 898 1390 syllogen
924 1310 1088 1390 quandam
1104 1308 1295 1389 Aesopeam
1312 1309 1390 1383 anti·
1434 1359 1435 1362 η

323 1434 421 1494 quam
452 1414 513 1476 sibi
537 1435 663 1478 sumere
687 1417 841 1497 potuisse,
866 1417 956 1478 cuius
981 1414 1106 1478 fabulas
1130 1417 1272 1479 carmine
1295 1416 1390 1496 epico

322 1523 478 1584 continuo
509 1520 683 1586 lectoribus
707 1522 909 1586 illustrarent.
958 1522 1214 1586 Concedendum
1242 1524 1276 1585 id
1303 1521 1390 1586 certe

322 1639 372 1692 est
407 1629 589 1711 fragmenta
624 1652 697 1692 cum
734 1629 850 1693 fabulis
876 1630 984 1694 Babrii
1009 1629 1197 1711 plerumque
1221 1650 1323 1711 usque
1347 1631 1388 1692 ad

322 1737 494 1799 uerborum
534 1736 777 1800 similitudinem
816 1757 1009 1820 congruere;
1046 1758 1145 1819 quum
1181 1747 1289 1800 autem
1324 1738 1389 1800 iam

321 1864 418 1924 supra
442 1845 700 1908 demonstratum
724 1847 765 1909 sit
785 1847 871 1908 idem
889 1846 931 1908 de
947 1845 1084 1908 Phaedri
1100 1853 1132 1907 et
1149 1844 1257 1908 Babrii
1274 1843 1390 1907 fabulis
1466 1857 1469 1862 '

321 1951 548 2016 communibus
571 1952 688 2028 ualere,
713 1954 925 2037 congruentia
941 1951 994 2016 illa
1013 1953 1112 2016 etiam
1129 1951 1209 2017 sonti
1226 1951 1390 2014 communi

321 2059 432 2121 deberi
471 2070 588 2141 potest.
637 2061 698 2122 His
737 2060 923 2141 praemissis
961 2061 1025 2122 iarn
1062 2061 1104 2122 ad
1140 2060 1229 2140 ipsas
1265 2056 1390 2120 fabulas

320 2169 508 2230 tractandas
542 2167 637 2230 nobis
668 2165 972 2248 transgrediendum
989 2178 1056 2231 est.
1103 2167 1156 2242 Iis,
1181 2185 1266 2248 quae
1290 2166 1388 2228 etiam

321 2275 408 2355 apud
445 2274 625 2337 Phaedrum
657 2284 797 2350 exstant,
823 2274 970 2356 exceptis
993 2274 1055 2336 hae
1079 2273 1174 2336 nobis
1199 2282 1321 2336 restant
1346 2272 1388 2334 s-

320 2380 415 2446 bulae
439 2382 557 2444 Babrio
582 2402 654 2444 cum
680 2383 785 2462 potitis
809 2381 1062 2462 fragmentorum
1085 2400 1285 2456 communes
1303 2399 1389 2460 quae

320 2488 505 2570 diligentius
529 2491 760 2570 disquirantur:
791 2489 839 2563 16,
865 2489 917 2568 36,
941 2490 995 2567 64,
1021 2502 1072 2569 75,
1099 2488 1150 2564 86,
1181 2499 1252 2567 115,
1282 2484 1352 2552 122'.

426 2595 570 2659 Fabulae
604 2597 699 2660 Babr.
743 2597 791 2671 16,
809 2661 811 2666 ,
829 2616 914 2678 quae
938 2606 989 2658 est
1016 2593 1139 2672 »λύκος
1161 2593 1219 2657 καὶ
1243 2595 1386 2674 γραῦς»,

320 2714 385 2766 tres
416 2705 502 2786 apud
528 2702 635 2767 Halm.
662 2705 868 2767 recensiones
891 2713 1031 2778 exstant,
1058 2722 1142 2784 quae
1166 2721 1281 2766 omnes
1305 2703 1387 2764 inter

318 2832 354 2874 se
388 2822 420 2874 et
455 2831 530 2874 cum
565 2811 689 2883 Babru,
710 2801 818 2874 fabula
853 2810 950 2892 plane
985 2820 1171 2892 congruunt
1204 2810 1293 2872 exitu
1316 2806 1388 2872 solo

319 2929 470 3000 excepto,
495 2920 527 2981 in
552 2940 617 3000 quo
641 2919 806 2981 afferendo
832 2932 893 2999 275
920 2929 952 2980 et
977 2912 1054 2999 275ὁ
1079 2916 1187 2992 aliam,
1214 2937 1312 2998 quam
1330 2915 1386 2977 Ba·

319 3026 407 3088 brius
445 3034 478 3087 et
517 3031 594 3106 275C
633 3027 828 3089 sententiam
867 3025 1035 3108 praebent.
1086 3024 1217 3087 Vteruis
1256 3021 1385 3085 fabulae

266 3115 269 3121 Δ
320 3135 427 3195 exitus
462 3135 541 3196 satis
576 3135 737 3208 conuenit,
768 3143 802 3195 ut
825 3131 954 3196 difficile
977 3134 1019 3195 sit
1042 3133 1218 3195 diiudicatu
1243 3140 1313 3193 uter
1337 3149 1387 3192 ue-

318 3242 381 3302 rior
404 3243 454 3304 sit.
481 3254 542 3320 275
569 3251 600 3302 et
626 3256 665 3321 27
672 3235 703 3320 5ὁ
728 3241 814 3305 hunc
829 3240 965 3303 habent:
995 3239 1051 3302 »ἐν
1067 3236 1171 3319 ταύτῃ
1189 3239 1229 3319 τῇ
1247 3235 1387 3300 ἐπαύλει

318 3348 407 3410 ἄλλα
443 3345 502 3430 μὲν
536 3347 704 3428 λέγουσιν,
741 3349 831 3410 ἄλλα
865 3345 906 3408 δὲ
940 3347 1174 3426 πράττουσιν.»
1211 3349 1289 3424 275⁶
1313 3364 1387 3406 curn

317 3456 437 3518 Babrio
453 3457 559 3536 magis
575 3475 758 3536 congruens
775 3455 923 3535 praebet:
952 3455 1041 3531 »πῶς
1057 3453 1125 3534 γάρ
1141 3473 1190 3530 τις
1201 3449 1386 3528 πιστεύσας

317 3562 484 3644 γυναικί»
527 3563 561 3627 Si
581 3573 746 3626 auctorem
764 3563 936 3644 fragmenti
952 3559 1105 3642 dactylici
1122 3561 1216 3641 primi
1232 3580 1252 3622 a
1268 3558 1386 3622 Babrio

318 3692 385 3734 non
420 3673 563 3753 pendere
598 3672 779 3746 statuimus
816 3670 857 3732 ad
894 3670 1119 3750 quaestionem
1144 3667 1386 3730 diiudicandam

319 3780 398 3842 satis
421 3778 529 3841 ualere
552 3789 662 3860 potest
678 3780 765 3862 quod
783 3778 891 3840 uerbis
907 3778 975 3838 eius
992 3775 1165 3858 fragmenti
1185 3772 1258 3836 »ἀεὶ
1273 3772 1386 3838 uldra

320 3885 433 3965 χείλεα
456 3885 582 3966 γρηός»
610 3887 697 3948 haud
721 3886 819 3948 dubie
842 3885 958 3946 eadem
983 3883 1110 3964 phrasis
1134 3881 1292 3962 Aesopea
1315 3879 1402 3942 sub·

320 4004 378 4068 est,
404 4015 487 4076 quae
511 3995 608 4056 etiam
633 3994 727 4057 Babr.
758 3993 805 4067 16,
835 4009 874 4054 10
897 3992 1103 4071 exprimitur:

457 4099 477 4162 ὃ
502 4099 607 4164 δἐῑπε
634 4102 723 4179 »πῶς
745 4099 823 4179 γάρ,
849 4097 890 4177 ὃς
912 4096 1045 4177 γυναικὶ
1068 4094 1246 4174 morsuum»
