3260 4882
755 431 800 440 ..
828 397 889 458 106
912 431 955 442 ....

321 608 410 668 cuius
444 605 497 669 alii
521 610 848 688 progymnasmatum
864 609 1040 690 scriptores
1056 608 1143 673 uelut
1160 610 1388 692 Hermogenes

321 724 353 776 et
387 713 482 776 Theo
518 734 583 776 non
619 725 771 796 expertes
806 717 866 778 uisi
895 725 1013 791 essent,
1039 737 1139 798 quum
1165 718 1389 799 praeciperent

321 831 356 884 ut
391 819 519 884 fabulae
553 821 707 885 omnibus
737 823 893 905 deinceps
917 824 1047 886 casibus
1071 823 1212 906 obliquis
1235 825 1388 888 adhibitis

322 939 522 991 mutarentur
555 939 587 991 et
622 939 698 991 tunc
734 929 1017 1011 amplificarentur,
1053 942 1131 994 tunc
1162 915 1388 996 contraheren-

321 1046 402 1100 tur».
451 1036 487 1099 Id
524 1057 655 1119 quoque
689 1039 822 1100 rationis
857 1037 1113 1120 Aphthonianae
1137 1040 1304 1121 proprium
1328 1050 1388 1115 est,

322 1145 411 1226 quod
451 1154 660 1226 praeceptum
700 1144 822 1207 morale
861 1147 996 1227 propius
1034 1147 1131 1208 etiam
1163 1167 1260 1228 quam
1290 1132 1389 1210 ceteri

322 1271 395 1312 cum
431 1252 503 1332 ipsa
537 1254 721 1314 narratione
756 1253 932 1334 coniungit.
980 1253 1049 1314 Iam
1084 1253 1115 1315 in
1151 1254 1243 1316 initio
1272 1255 1388 1335 capitis

322 1359 417 1440 primi
452 1359 549 1422 docet
573 1358 698 1422 fabulas
721 1379 740 1421 a
765 1362 871 1440 poetis
894 1360 1026 1442 quidem
1051 1361 1200 1424 inuentas
1224 1381 1305 1437 esse,
1330 1361 1388 1424 sed

322 1476 481 1548 quatenus
515 1468 548 1529 in
584 1469 766 1549 praeceptis
801 1467 977 1530 moralibus
1013 1468 1214 1549 proferendis
1242 1456 1388 1532 adhiberi

322 1585 460 1656 coeptae
503 1585 621 1650 essent,
662 1595 682 1637 a
721 1575 904 1638 rhetoribus
943 1595 1074 1657 quoque
1112 1586 1267 1638 tractatas
1305 1585 1387 1640 esse.

323 1682 431 1764 Quam
467 1682 629 1745 scribendi
651 1683 811 1744 rationem
836 1683 934 1745 etiam
959 1684 991 1745 in
1017 1681 1133 1745 sabulis
1157 1686 1282 1759 decem,
1306 1705 1388 1765 quas

323 1791 401 1866 dixi,
428 1788 520 1852 facile
544 1789 788 1871 deprehendere
812 1790 895 1853 licet.
943 1790 1047 1853 Recte
1071 1789 1225 1854 Schacser
1249 1811 1324 1873 pag.
1345 1807 1384 1870 32
1444 1781 1450 1791 ’

323 1898 550 1960 animaduertit
584 1898 622 1962 iis
653 1899 759 1961 inesse
787 1899 1019 1960 »necessariam
1044 1900 1213 1973 rationem,
1237 1919 1322 1980 quae
1346 1900 1389 1961 in-

322 2016 372 2068 ter
395 2005 536 2069 fabulam
560 2015 594 2068 et
617 2018 828 2088 praeceptum
852 2007 1053 2069 intercedere
1074 2006 1237 2070 deberet.»
1280 2007 1389 2069 Ratio-

324 2135 398 2176 nem
434 2113 704 2196 Aphthonianam
740 2114 772 2176 in
806 2113 890 2176 ludis
914 2113 1077 2176 rhetorum
1102 2135 1121 2176 a
1145 2124 1234 2176 secta
1258 2115 1390 2196 propria

323 2221 502 2284 adhibitam
538 2241 609 2286 esse
644 2221 720 2285 inde
750 2219 943 2284 concludere
967 2220 1074 2294 uelim,
1100 2223 1198 2303 quod,
1224 2231 1259 2284 ut
1282 2222 1390 2284 obser·

324 2331 412 2391 uauit
436 2329 612 2393 Hausrath.
636 2328 668 2409 (l.
693 2328 712 2391 l.
739 2350 814 2410 pag.
842 2346 902 2408 313
929 2331 1003 2391 adn.
1031 2329 1070 2412 2),
1096 2331 1127 2392 in
1144 2328 1391 2392 collectionibus

323 2438 441 2499 nostris
476 2457 574 2518 prosa
606 2438 753 2499 oratione
788 2438 913 2501 traditis
949 2435 1077 2498 fabulae
1112 2437 1291 2500 rationibus
1322 2439 1390 2499 eius

323 2544 491 2626 sophistae
525 2546 729 2625 conscriptae
764 2543 943 2626 permultae
977 2554 1061 2606 sunt.
1109 2543 1218 2626 Quum
1253 2565 1295 2606 ex
1319 2565 1390 2626 pro-

324 2653 561 2732 gymnasmatis
584 2651 686 2714 uideri
712 2653 816 2734 possit
840 2652 1084 2733 Hermogenem
1108 2662 1140 2714 et
1164 2652 1333 2714 Theonem
1357 2653 1390 2714 in
1431 2643 1434 2650 ’

324 2761 441 2841 capite,
477 2760 565 2841 quod
589 2769 639 2822 est
662 2761 704 2822 de
727 2758 845 2834 sabula,
870 2760 948 2821 satis
971 2761 1054 2821 inter
1076 2779 1111 2820 se
1135 2779 1323 2840 congruere,
1349 2757 1391 2821 la·

325 2866 384 2930 cile
419 2868 610 2930 crediderim
646 2887 703 2930 eos
738 2869 901 2948 principes
935 2866 1034 2928 fuisse
1068 2876 1177 2929 sectae
1201 2867 1391 2949 antiquioris

325 2975 366 3038 ab
391 2975 629 3056 Aphthoniana
652 2974 705 3038 illa
729 2976 908 3057 posteriore
933 2973 1040 3036 multis
1063 2976 1096 3036 in
1120 2975 1215 3036 rebus
1232 2975 1388 3037 diuersae.

431 3082 596 3165 Quoniam
631 3085 810 3165 sagacitate
845 3083 965 3164 ingenii
995 3081 1098 3144 Crusii
1123 3081 1295 3162 probatum
1319 3101 1392 3144 esse

324 3191 451 3254 uidetur
474 3190 626 3253 Babrium
650 3192 681 3253 in
707 3189 788 3253 libro
812 3211 872 3253 suo
897 3190 1076 3271 posteriore
1100 3190 1240 3251 eundem
1267 3189 1389 3252 fontem

326 3311 423 3382 atque
446 3299 615 3361 Theonem
641 3297 818 3360 fabularum
843 3297 1040 3372 adhibuisse,
1065 3298 1163 3360 etiam
1187 3317 1226 3358 ea
1249 3298 1391 3377 suspicio

325 3410 356 3470 in
393 3417 546 3488 promptu
582 3418 631 3470 est
666 3413 797 3487 poetam
827 3415 1004 3486 praecepta
1027 3405 1175 3467 eiusdem
1199 3403 1335 3466 rhetoris
1359 3405 1391 3465 in

327 3513 442 3578 sabulis
478 3513 684 3596 perficiendis
707 3513 942 3588 obseruauisse,
968 3532 1067 3593 quam
1093 3511 1137 3574 ob
1162 3531 1228 3574 rem
1253 3511 1295 3574 ad
1320 3530 1391 3592 pro-

325 3633 555 3705 gymnasmata
588 3623 658 3684 eius
692 3622 787 3684 nobis
823 3620 1022 3703 pergendum
1058 3630 1117 3695 est,
1142 3629 1177 3682 ut
1200 3620 1393 3700 indagemus

325 3741 485 3813 quatenus
508 3731 540 3792 in
563 3730 691 3811 scriptis
715 3728 824 3791 Babrii
848 3738 1024 3809 praecepta
1048 3727 1193 3788 Theonis
1216 3726 1391 3788 obseruata

325 3841 397 3902 sint.
445 3836 576 3901 Crusius
615 3857 714 3918 quum
743 3833 892 3920 ·(proleg.
933 3854 1008 3916 pag.
1048 3834 1172 3895 XXXII
1204 3843 1236 3895 et
1264 3833 1390 3914 encycl.

325 3948 475 4009 Wissow.
502 3945 541 4019 11,
568 3945 667 4024 2662)
691 3944 910 4006 coniecturam
935 3943 1068 4004 maximi
1086 3942 1243 4030 momenti
1260 3941 1390 4015 faceret,

326 4075 365 4117 eo
401 4065 593 4136 argumento
626 4053 818 4134 grauissimo
854 4052 943 4112 nisus
975 4061 1034 4124 est,
1059 4050 1150 4130 quod
1175 4048 1269 4111 Theo
1292 4068 1392 4128 quum

326 4162 408 4247 (cap.
447 4178 464 4224 2
501 4182 576 4243 pag.
618 4172 678 4239 159
709 4159 775 4244 W.)
800 4157 952 4239 exempla
976 4178 1018 4218 ex
1042 4156 1228 4219 auctoribus
1252 4156 1393 4237 antiquis
1509 4137 1524 4148 ³
