3260 4882
670 399 867 462 -131.,.

234 617 306 658 esse
330 598 479 674 uidetur),
506 597 641 664 Babrius
665 607 772 658 autem
798 595 903 675 legem
929 598 1134 671 contrariam,
1160 616 1224 677 qua
1249 617 1303 658 ex·

235 705 420 766 tenderetur
444 705 594 778 narratio,
620 704 813 767 adhibuerit,

342 811 499 873 Fabulam
524 827 565 887 42
591 811 633 872 ad
657 811 865 891 prouerbium
889 811 1086 891 Diogeniani
1103 811 1141 885 II,
1159 824 1200 889 45
1219 831 1304 873 com·

238 920 376 999 positam
402 937 473 981 esse
498 918 747 982 Ruthersordius
771 917 864 1000 (prol.
891 939 922 998 p.
948 917 1069 1000 XLIV)
1085 916 1304 999 explicatione

235 1047 254 1087 a
290 1025 586 1108 paroemiographo
608 1022 795 1106 ¹prouerbio
831 1026 944 1088 addita
973 1035 1158 1087 commotus
1181 1026 1303 1097 statuit,

236 1132 350 1196 melius
385 1143 495 1194 tamen
531 1131 661 1195 Crusius
697 1133 819 1214 (Jahrb.
853 1131 872 1194 f.
898 1131 1009 1194 Philol.
1035 1131 1200 1207 CXXVII,
1227 1133 1304 1212 244)

237 1239 369 1302 Macarii
404 1240 461 1313 IV,
497 1256 538 1319 43
576 1261 649 1302 cum
682 1239 791 1304 Iabula
814 1239 958 1302 contulit.
1007 1239 1157 1302 Ceterum
1183 1241 1305 1302 dictum

201 1369 206 1372 ·
236 1345 367 1427 aliquod
404 1349 435 1410 in
471 1343 663 1429 antiquitate
699 1346 866 1429 uulgatum
898 1347 962 1410 fine
996 1347 1123 1410 Iabulae
1147 1349 1304 1410 contineri

111 1443 114 1448 ’
208 1453 315 1539 ¹locis
351 1454 411 1518 illis
446 1454 557 1538 (Plaut.
591 1456 675 1519 Rud.
702 1458 761 1518 811
791 1466 823 1518 et
846 1455 984 1518 Theocr.
1012 1472 1041 1530 2,
1067 1454 1130 1538 84),
1155 1476 1238 1537 quos
1262 1456 1304 1518 ad
1385 1512 1387 1516 ,

240 1587 251 1617 »
258 1560 436 1624 ἀναλύειν»
452 1562 589 1624 uerbum
603 1562 833 1644 explicandum
843 1562 1146 1644 produxitCrusiuS‚
1156 1572 1302 1644 apparet,
1347 1627 1349 1633 ,

231 1689 411 1750 ueramque
435 1689 506 1732 esse
530 1671 749 1732 coniecturam
774 1672 917 1732 eiusdem
943 1672 1000 1733 ulri
1025 1671 1113 1734 docti
1134 1671 1305 1732 statuentis

237 1797 350 1840 canem
385 1776 538 1858 ambigue
566 1778 783 1858 respondisse,
809 1790 844 1840 ut
871 1799 1037 1859 »pransus
1062 1787 1178 1859 potus»
1206 1777 1305 1840 luisse

237 1885 407 1958 uideretur,
433 1885 496 1946 fine
521 1883 648 1948 fabulae
666 1884 773 1948 Halm.
791 1887 848 1948 62:
874 1886 932 1948 »ἐκ
948 1887 1009 1964 τῆς
1023 1886 1152 1965 πολλῆς
1167 1884 1303 1962 πόσεως

237 1991 419 2073 μεθυσθεὶς
457 1990 543 2070 ὑπὲρ
577 1991 693 2071 κόρον,
729 1989 814 2054 οὐδὲ
848 1989 909 2072 τὴν
943 1991 1029 2062 ὁδὸν
1064 1991 1183 2068 αὐτήν,
1220 1992 1303 2054 ὅθεν

237 2100 392 2180 ἐξῆλθον,
406 2097 504 2162 οἶδα»
522 2102 625 2181 (quod
637 2119 702 2162 non
717 2101 798 2164 uidit
810 2093 956 2180 Crusius)
969 2101 1048 2162 satIs
1061 2099 1301 2180 comprobatur.

237 2207 343 2288 Quam
383 2209 577 2270 sententIam
617 2228 714 2289 quum
757 2206 865 2270 fabula
905 2207 1012 2269 Halm.
1050 2208 1223 2282 retinuerit,
1260 2208 1319 2269 ad'

237 2314 404 2396 exemplar
440 2316 601 2378 Babriano
637 2317 784 2396 superius
818 2335 891 2378 eam
927 2314 1129 2378 referendam
1165 2335 1236 2378 esse
1269 2309 1304 2378 'et

237 2431 368 2504 poetam
405 2425 511 2504 ipsum
547 2425 610 2486 lam
646 2425 677 2484 in
715 2423 804 2485 sonte
839 2421 948 2502 aliquo
984 2422 1125 2486 fabulam
1155 2433 1302 2504 paratam

237 2532 399 2595 iuuenIsse
422 2530 617 2612 intelligitur.

344 2638 501 2702 Fabulam
541 2651 577 2718 55
617 2637 864 2700 Rutherfordius
898 2636 990 2721 (prol.
1028 2659 1059 2718 p.
1097 2636 1232 2721 XLVII)
1261 2638 1303 2698 ad

120 2811 125 2818 ,
237 2746 372 2808 Zenobii
408 2747 462 2820 ΙΙΙ,
503 2759 542 2825 54
578 2744 706 2820 rettulit,
744 2745 885 2820 Crusius,
913 2755 947 2807 ut
972 2747 1035 2807 lam
1059 2746 1303 2826 supradictum

237 2863 295 2927 est,
332 2852 447 2916 melius
480 2873 551 2916 eam
578 2854 641 2914 iam
667 2854 697 2916 in
723 2852 813 2914 sonte
836 2851 945 2933 aliquo
970 2863 1116 2933 paratam
1142 2872 1161 2914 a
1185 2851 1303 2914 Babrio

238 2971 402 3042 receptam
424 2973 509 3024 'esse
543 2981 561 3022 e
597 2960 780 3040 prouerbi0‚
818 2971 851 3021 ut
875 2961 963 3035 dIcit,
990 2958 1118 3022 fabulae
1142 2958 1304 3020 simillimo

238 3069 434 3148 Diogeniani
469 3087 568 3148 supra
601 3078 858 3130 commemorato
882 3067 1048 3130 conclusit.
1098 3065 1303 3128 Prouerbium

237 3174 315 3236 illud
350 3174 607 3256 uulgatissimum
644 3175 741 3237 luisse
765 3196 806 3238 ex
831 3176 1053 3255 disputatione
1077 3175 1220 3236 eiusdem
1246 3174 1304 3236 ulri

177 3303 178 3306 ¹
238 3282 499 3367 luculentissima,
536 3303 619 3377 quae
656 3283 759 3346 Rhen.
802 3282 884 3345 llllus.
922 3282 1031 3344 XLIV
1068 3304 1099 3362 p.
1137 3295 1202 3361 459
1230 3302 1302 3363 sqq

238 3391 331 3463 Inest,
357 3389 450 3455 facile
474 3373 642 3471 colligitur.

345 3496 489 3560 Fabulae
524 3498 705 3560 Babrianae
743 3499 782 3576 56
818 3497 1024 3577 prouerbium
1061 3496 1192 3578 aliquod
1226 3498 1304 3562 anti

238 3606 426 3686 quissimum
450 3605 584 3668 subesse
609 3603 857 3668 Rutherfordius
878 3624 917 3686 ea
934 3624 966 3666 re
983 3614 1167 3668 commotus
1182 3605 1303 3678 statuit,

238 3714 326 3794 quod
351 3714 414 3774 iam
440 3713 655 3793 Epicharmus
678 3730 719 3791 43
746 3735 777 3794 p.
804 3727 868 3791 270
893 3712 930 3775 L.
956 3711 1092 3775 similem
1110 3713 1304 3776 sententiam

238 3819 400 3901 prouerbii
429 3820 565 3882 sormam
591 3841 668 3900 prae
692 3841 727 3882 se
752 3819 906 3882 ferentem
931 3818 1046 3882 attulit.
1094 3818 1193 3901 Quod
1207 3819 1305 3881 Iabu-
1393 3803 1400 3811 ’

228 3926 321 3992 lator
355 3929 480 3990 simiam
517 3928 649 4001 inducit,
679 3929 711 3990 icl
735 3927 822 3990 haud
846 3927 945 3989 dubie
968 3948 1010 3989 ex
1035 3937 1227 4008 argumento
1252 3924 1305 3986 illo

238 4055 336 4115 supra
377 4044 517 4097 tractato
557 4034 659 4108 fluxit,
699 4055 764 4115 quo
803 4035 897 4096 simia
936 4036 1081 4097 omnium
1120 4031 1316 4100 aalmalium

239 4143 381 4206 maxime
417 4142 515 4212 letum
552 4163 661 4204 amare
696 4143 812 4254 dicitur
847 4141 909 4226 (cl.
924 4141 1001 4204 Plin.
1027 4152 1093 4204 nat.
1118 4141 1190 4202 hist.
1216 4139 1304 4213 VIII,
