3244 4868
678 372 853 438 ..73-

228 591 299 633 esse
324 593 383 652 pro
408 581 497 635 certo
523 571 662 652 probare
685 571 815 635 difficile
839 573 906 634 erit.
948 572 1099 634 Narratio
1116 592 1193 635 uero
1210 574 1298 636 nuda

228 689 260 742 et
292 677 433 759 simplex
456 676 544 740 nullo
569 681 670 742 modo
694 689 796 742 artem
820 678 984 742 rhetorum
1009 681 1121 761 spirat.
1169 678 1295 742 Fabula

228 785 337 850 Halm.
375 802 448 864 334,
485 805 568 867 quae
599 796 632 849 et
662 807 702 849 ea
724 797 863 848 uenusta
886 797 919 849 et
942 786 1051 868 lepida
1075 787 1245 868 profertur,
1270 789 1304 850 si·

228 893 434 974 paraphrasis
458 894 638 957 Babrianae
661 915 726 956 non
752 905 810 968 est,
836 895 878 956 ad
901 896 1041 959 eundem
1060 894 1182 959 sontem
1199 904 1298 976 atque

227 1021 266 1065 ea
300 1001 387 1064 baud
422 1001 520 1064 dubie
555 1001 722 1064 referenda
759 1012 834 1065 ests
865 1000 978 1065 Solum
1014 1012 1124 1066 tamen
1162 1023 1297 1066 reuera

227 1109 416 1184 subsidium,
450 1118 484 1171 ut
514 1109 726 1172 ostendamus
754 1109 837 1173 hanc
862 1109 1003 1172 fabulam
1028 1112 1060 1173 in
1084 1110 1165 1173 libro
1190 1110 1297 1174 Babrii

228 1217 334 1298 priore
368 1215 485 1280 lectam
518 1237 590 1280 esse
614 1217 709 1280 nobis
735 1227 836 1280 restat
859 1217 1076 1298 fragmentum
1100 1217 1297 1300 dactylicum

232 1322 340 1388 121611
356 1343 410 1406 μοι
426 1325 561 1388 cablon
577 1322 737 1404 ἔρυσσον,
756 1325 776 1386 ὅ
793 1346 847 1408 μοι
862 1323 972 1389 κακὸν
985 1324 1130 1409 ἔμπεσεν
1142 1327 1237 1407 ὅπλῃ.
1252 1349 1297 1384 =

227 1431 322 1495 Babr.
352 1448 422 1507 122,
449 1446 482 1512 7:
507 1433 605 1512 χάριν
628 1430 669 1495 δέ
692 1453 746 1515 μοι
770 1430 834 1510 δὸς
858 1434 994 1520 ἀβλαβῆ
1018 1432 1134 1498 τεκαὶ
1163 1433 1297 1516 κούφην

508 1542 549 1604 ἐκ
572 1544 633 1604 τοῦ
656 1541 766 1619 ποδός
788 1563 852 1625 μου
868 1540 929 1622 τὴν
945 1542 1101 1605 ἄκανθαν
1117 1541 1294 1622 εἴρυσσας,

335 1649 450 1711 Restat
486 1660 520 1712 ut
555 1651 596 1712 de
632 1649 814 1731 fragmento
850 1668 881 1730 9,
918 1651 1007 1731 quod
1031 1649 1162 1712 Crusius
1186 1651 1228 1712 ad
1253 1649 1268 1712 s
1288 1685 1295 1696 ·

226 1754 336 1818 bulam
372 1757 466 1820 Babr.
504 1769 544 1835 95
583 1759 744 1840 pertinere
779 1768 900 1833 censet,
926 1757 1066 1820 breuiter
1091 1777 1293 1839 quaeramus.

226 1863 294 1938 Iam
318 1884 377 1946 per
400 1884 436 1926 se
460 1862 553 1926 facile
576 1874 715 1946 apparet
738 1864 880 1928 fabulam
905 1865 1001 1928 Babr.
1026 1877 1079 1943 95,
1104 1885 1169 1946 qua
1191 1875 1241 1926 est
1262 1867 1294 1928 in

226 1971 393 2034 codicibus
416 1971 589 2034 uerborum
613 1973 719 2053 copia,
744 1974 775 2035 in
800 1972 928 2054 sylloge
952 1972 1109 2054 Aesopea
1130 1974 1294 2036 inuentam

226 2099 298 2142 esse
334 2100 399 2142 non
437 2100 535 2161 posse
566 2101 671 2162 neque
695 2081 726 2142 in
751 2082 858 2161 priore
883 2081 989 2142 Babrii
1014 2078 1095 2142 libro
1120 2082 1293 2144 exstitisse.

201 2165 205 2176 ⁸
225 2187 323 2252 Vnde
356 2189 502 2268 sequitur
526 2197 561 2250 ut
586 2187 801 2268 fragmentum
825 2207 846 2268 9
870 2198 926 2251 aut
948 2208 967 2250 a
991 2189 1098 2269 poetis
1122 2187 1182 2251 illis
1206 2187 1293 2250 fabu-

225 2293 326 2358 larum
361 2293 593 2376 dactylicarum
630 2295 882 2358 abiudicandum
918 2297 959 2358 sit
987 2295 1107 2359 autad
1132 2294 1226 2360 aliam
1252 2295 1293 2358 s-

225 2401 333 2464 bulam
369 2422 455 2466 nunc
489 2404 531 2465 de
566 2401 675 2466 libello
708 2403 871 2467 Babriano
895 2403 1099 2486 deperditam
1124 2405 1292 2484 pertineat.

225 2510 341 2591 Neque
375 2511 493 2574 desunt
528 2511 587 2574 uiri
622 2512 720 2586 docti,
758 2513 812 2593 qui
840 2511 1013 2593 fragmenti
1037 2521 1146 2592 partes
1169 2510 1294 2593 aliquas

224 2618 266 2680 ad
299 2617 533 2682 Callimachum
558 2617 786 2694 transtulerint,
812 2620 942 2700 quade
966 2639 999 2682 re
1022 2617 1222 2682 consulenda
1245 2629 1294 2684 est

151 2745 154 2750 ·
225 2725 324 2788 editio
349 2725 452 2788 Crusii
477 2745 552 2807 pag.
580 2728 644 2790 216
667 2736 701 2790 et
726 2742 799 2807 217.

332 2832 367 2897 Si
390 2853 557 2914 personas,
582 2835 723 2915 quaein
749 2835 798 2896 his
822 2833 938 2897 fabulis
962 2835 1165 2908 inducuntur,
1184 2853 1291 2898 recen-

224 2961 343 3015 semus,
368 2939 520 3004 animalia
544 2940 672 3004 fabulae
696 2941 871 3023 Aesopeae
895 2942 1138 3024 antiquissimae
1162 2943 1293 3022 propria

224 3048 312 3128 (uide
337 3047 510 3110 Hausrath.
537 3045 555 3112 l.
581 3048 600 3111 l.
626 3070 657 3130 p.
685 3050 759 3134 308)
784 3061 819 3112 ut
843 3051 876 3112 in
897 3051 944 3125 iia,
963 3070 1048 3131 quae
1064 3050 1170 3130 priore
1186 3050 1293 3130 capite

224 3164 381 3218 tractatae
415 3164 500 3230 sunt,
537 3157 582 3220 ita
609 3157 641 3219 in
665 3157 715 3219 his
738 3156 928 3239 plerumque
952 3166 1117 3221 recurrunt
1140 3168 1175 3220 ut
1198 3156 1293 3238 lupus

224 3261 288 3347 (16,
319 3261 400 3346 122),
425 3261 539 3344 uulpes
563 3265 641 3344 (86),
667 3266 777 3328 asinus
800 3263 904 3349 (122);
929 3266 962 3328 in
986 3263 1103 3327 fabulis
1128 3265 1170 3343 36
1193 3275 1225 3328 et
1248 3265 1292 3343 64

223 3372 349 3434 ratione
387 3391 463 3434 uere
501 3372 658 3454 Aesopea
697 3373 831 3435 arbores
865 3383 975 3454 partes
1012 3382 1149 3453 agentes
1183 3372 1292 3436 induci

223 3498 321 3560 supra
357 3480 476 3542 monui.
525 3478 617 3560 Quas
652 3481 795 3562 quinque
831 3479 956 3543 fabulas
991 3479 1055 3564 (16,
1083 3481 1133 3559 36,
1159 3480 1212 3559 64,
1238 3481 1290 3556 86,

228 3589 312 3667 122),
338 3607 437 3669 quum
461 3589 597 3652 eaedem
621 3589 685 3651 sint
708 3590 907 3669 argumentis
926 3587 1126 3669 simplicibus
1142 3599 1174 3652 et
1190 3590 1291 3652 incor-

224 3696 335 3775 ruptis,
360 3693 472 3777 quales
496 3695 635 3776 Aesopo
659 3697 866 3770 conueniunt,
892 3697 997 3776 primo
1017 3694 1060 3758 illi
1077 3697 1187 3776 generi
1204 3695 1291 3758 sabu-

223 3800 325 3865 larum
365 3802 592 3884 Aesopearum
628 3803 670 3866 ab
706 3803 904 3866 Hausrathio
940 3803 1116 3866 constituto
1152 3803 1291 3867 tribuere

223 3909 331 3972 uelim.
378 3908 523 3973 Fabulae
549 3923 600 3990 75,
625 3931 708 3993 quae
732 3912 816 3974 sicut
839 3911 934 3974 Babr.
962 3927 1002 3974 22
1026 3937 1071 3968 z
1095 3911 1228 3974 Phaedr.
1250 3911 1289 3985 ΙΙ,

225 4033 242 4078 2
279 4018 585 4082 narratiuncularum
622 4039 757 4080 numero
791 4019 997 4081 attribuenda
1020 4029 1069 4081 est
1093 4017 1144 4103 (cl.
1170 4019 1288 4082 Havet.

223 4125 274 4187 ed.
311 4124 445 4188 Phaedr.
478 4147 509 4207 p.
537 4124 621 4209 254),
647 4137 724 4188 nota
748 4128 936 4206 posterioris
959 4147 1057 4208 quarn
1082 4147 1180 4206 supra
1204 4147 1291 4188 corn-
