3260 4882
765 393 963 458 -116-·-

331 627 398 668 rem
434 617 579 669 nostrum
614 619 647 670 et
681 608 896 672 elocutionem
927 611 1063 672 Homeri
1087 613 1283 692 cognouisse
1306 631 1339 676 et
1363 633 1397 674 re

258 707 261 714 ¹
330 735 406 777 uera
441 716 493 776 hie
528 714 590 777 illic
625 715 756 778 dicendi
792 717 887 779 flores
910 738 953 780 ex
977 737 1017 782 eo
1041 729 1190 799 sumptos
1214 721 1394 784 admisisse.

330 822 459 886 Deinde
495 825 582 906 quod
620 825 703 887 inter
733 845 848 888 omnes
871 837 1000 890 constat
1024 828 1111 910 apud
1136 827 1317 891 Homerum
1341 850 1397 891 no·

330 931 416 993 mine
440 930 588 994 Achaico
612 953 727 995 omnes
751 953 887 1014 graecos
910 934 1076 1016 appellari,
1101 955 1141 998 ea
1164 955 1206 998 ex
1230 957 1264 998 re
1285 937 1395 1000 nescio

330 1057 371 1100 an
395 1040 621 1101 coniciendum
645 1041 686 1102 sit
710 1041 861 1103 Babrium
887 1052 1034 1105 nostrum
1058 1044 1234 1106 dictionem
1260 1043 1396 1106 Homeri

330 1145 489 1208 imitatum
515 1149 646 1209 nomine
670 1147 818 1210 Achaico
842 1158 968 1211 tantum
993 1151 1092 1213 uerba
1115 1149 1313 1232 exemplaris
1335 1153 1394 1226 sui,

330 1253 418 1333 quod
443 1273 516 1315 cum
542 1254 715 1316 Halmiana
740 1254 848 1317 sabula
869 1277 1052 1338 congruens
1068 1259 1184 1320 ducem
1204 1255 1391 1338 »⁰Ellrrvo»

330 1361 520 1441 praebuisse
557 1364 665 1437 cred0‚
706 1364 915 1444 expressisse.
975 1363 1086 1445 Quum
1125 1367 1222 1446 igitur
1259 1366 1396 1430 Babrius

329 1469 548 1550 sophistarum
585 1491 674 1532 more
698 1469 857 1534 hocloco
881 1481 1007 1534 tantum
1032 1475 1172 1553 priscum
1196 1470 1320 1555 aliquid'
1341 1474 1395 1536 ad·

330 1563 460 1651 miserit,
486 1577 701 1653 difficultates,
727 1599 808 1659 quas
832 1580 968 1660 praebet
983 1580 1311 1656 nomen'Achaicurn,
1330 1582 1394 1644 iam

265 1705 267 1710 ’
329 1704 388 1763 per
421 1705 456 1746 se
492 1684 585 1747 facile
614 1685 798 1747 concidunt.
846 1685 903 1748 Ad
927 1688 1066 1749 nouitias
1089 1707 1109 1749 a
1133 1688 1252 1751 Bebrio
1277 1689 1309 1750 111
1333 1689 1395 1752 hac

329 1789 436 1853 sabula
456 1793 616 1855 admissas
628 1792 808 1854 locutiones
821 1793 924 1855 refero
941 1796 1217 1858 constructionem
1233 1815 1316 1858 uers
1332 1813 1393 1862 ¹11:

333 1897 384 1960 »οἳ
411 1895 451 1959 δὲ
473 1897 617 1978 Κύπρον
633 1899 653 1978 ἢ
671 1897 814 1980 Θρᾴκην
830 1900 1012 1978 αὐχοῦσιν»
1032 1912 1065 1964 et
1081 1903 1215 1964 uerbum
1234 1923 1315 1966 uers.
1340 1917 1393 1982 15:

332 2004 1392 2088 »oroprepor»‚dequibusconsuleRuthersordiicommentarium.
1441 2094 1443 2099 ³

328 2112 404 2176 Alia
442 2107 653 2195 longitudinis
691 2114 881 2178 efficiendae
916 2117 996 2177 ratio
1031 2127 1101 2178 erat
1131 2119 1394 2199 prosopopoeiae

328 2220 546 2302 amplificatio,
573 2224 614 2284 de
637 2243 701 2303 qua
724 2224 789 2285 iam
813 2241 911 2304 supra
935 2224 1057 2286 dictum
1082 2234 1140 2286 est.
1181 2224 1275 2306 Quae
1299 2225 1393 2289 Theo

328 2329 390 2391 hoc
425 2328 499 2390 loco
535 2330 576 2391 de
611 2331 758 2392 oratione
792 2331 997 2411 imperatoris
1032 2331 1149 2394 milites
1183 2333 1226 2395 ad
1252 2332 1394 2414 pericula

327 2437 486 2499 hortantis
510 2437 618 2513 habet,
643 2438 685 2499 ad
710 2439 888 2500 orationem
914 2439 1003 2500 canis
1027 2439 1119 2502 ducis
1141 2439 1269 2504 fabulae
1285 2440 1393 2504 Babri·
1492 2460 1494 2463 ’

328 2565 410 2606 anae
433 2545 596 2630 transferri
620 2565 718 2625 posse
743 2545 820 2608 mihi
843 2547 1001 2610 uidentur.
1049 2547 1095 2608 Vt
1119 2547 1213 2610 Theo
1237 2547 1302 2632 (W.
1317 2549 1340 2623 Ι,
1359 2569 1390 2630 ρ.

330 2653 393 2730 236
426 2651 445 2713 1.
476 2651 525 2736 12)
549 2653 627 2714 dicit
652 2663 784 2734 propter
808 2653 969 2716 fortunam
994 2653 1073 2716 alias
1097 2656 1262 2718 orationes
1286 2675 1391 2730 seruo,

327 2759 406 2823 alias
430 2759 531 2822 libero
556 2770 588 2822 et
612 2760 656 2821 ob
679 2761 842 2822 diuersum
866 2764 952 2823 uitae
973 2781 1076 2842 genus
1099 2761 1178 2824 alias
1195 2761 1295 2838 militi,
1313 2762 1393 2826 alias

329 2866 491 2948 agricolae
507 2869 690 2943 conuenire,
708 2869 753 2930 ita
769 2868 905 2931 Babrius
917 2869 969 2931 hic
983 2867 1124 2932 uoluisse
1136 2879 1247 2950 potest
1259 2881 1393 2951 propter

326 2976 474 3057 peritiam
518 2974 612 3037 aliam
656 2977 756 3051 ducis
791 2975 888 3038 aliam
922 2974 1057 3038 militum
1093 2978 1273 3040 orationem
1309 2997 1390 3041 esse.

326 3083 373 3146 Vt
407 3093 514 3145 autem
550 3085 648 3146 etiam
683 3085 724 3144 de
759 3085 884 3164 origine
914 3082 1041 3146 fabulae
1065 3085 1260 3147 sententiam
1284 3105 1391 3148 meam

275 3259 277 3262 ,
327 3190 498 3272 proferam,
536 3191 598 3252 hac
633 3191 699 3253 sere
734 3193 858 3252 ratione
893 3192 1061 3272 quomodo
1091 3193 1229 3271 primum
1256 3203 1327 3254 orta
1350 3195 1391 3256 sit

326 3298 425 3360 credo
460 3297 615 3378 explicari
650 3319 757 3378 posse.
806 3297 915 3378 Quum
939 3299 970 3360 in
995 3297 1112 3360 fabulis
1137 3299 1302 3380 Aesopeis
1326 3301 1391 3364 exi-

326 3406 442 3486 gendis
478 3405 573 3467 nobis
608 3416 789 3468 uersaretur
812 3406 1001 3486 disputatio
1027 3409 1069 3468 ad
1094 3405 1163 3470 illas
1187 3407 1391 3471 referendum

325 3533 396 3574 esse
431 3513 603 3575 uidebatur
637 3515 734 3576 etiam
768 3525 994 3594 argumentum
1030 3513 1117 3589 illud,
1154 3515 1244 3595 quod
1277 3525 1326 3578 est
1350 3516 1391 3577 de

326 3620 475 3701 luporum
501 3619 615 3701 legatis
640 3622 791 3683 canesio
818 3623 995 3684 cruciatum
1021 3621 1062 3684 ab
1079 3622 1195 3684 ouibus
1212 3617 1390 3702 exposcen-

228 3802 230 3806 .
325 3728 419 3790 tibus
468 3727 525 3789 Ad
547 3729 632 3791 hanc
651 3730 753 3810 igitur
776 3727 977 3791 historiolam
1001 3729 1190 3810 Aesopeam
1216 3751 1235 3792 a
1260 3730 1389 3793 rhetori·

324 3835 385 3896 bus
410 3835 553 3897 relictum
579 3856 650 3898 esse
674 3845 783 3917 potest
806 3845 1031 3915 argumentum
1056 3834 1143 3910 illud,
1169 3857 1235 3917 quo
1260 3835 1388 3910 bellum,

326 3943 413 4022 quod
437 3953 486 4004 est
509 3944 593 4005 inter
616 3963 713 4005 canes
737 3953 770 4004 et
792 3943 897 4022 lupos,
923 3943 1123 4007 describitur.
1165 3942 1264 4024 Quod
1281 3943 1389 4006 sabula

325 4048 493 4114 illustrauit
525 4071 592 4112 non
628 4051 764 4114 Babrius
799 4049 897 4124 solus
935 4050 992 4112 sed
1029 4051 1116 4115 idem
1151 4052 1249 4112 etiam
1274 4049 1389 4112 fabulis

325 4156 432 4219 Halm.
472 4159 546 4232 266,
574 4159 635 4236 267
661 4169 822 4220 tractatur.
872 4157 979 4238 Quum
1006 4157 1142 4219 Babrius
1166 4157 1307 4220 fabulam
1336 4179 1388 4220 ex·
