3260 4882
244 999 308 1072 De
336 995 498 1086 fabulis,
528 1015 636 1094 quae
665 1009 737 1072 aut
766 977 971 1094 escriptis
991 1001 1214 1076 auctorum
1237 1011 1308 1074 tre-

243 1134 378 1199 terum
408 1133 601 1219 sumptae
630 1125 775 1198 autad
796 1133 1045 1220 argumenta
1064 1124 1161 1200 inde
1181 1125 1310 1230 petita

625 1235 793 1323 relictas
820 1259 929 1324 sunt.
1416 1239 1419 1246 ’

351 1481 482 1544 Crusius
519 1491 555 1542 nt
593 1480 746 1544 Babrium
786 1481 828 1544 ab
863 1483 981 1544 eodem
1017 1480 1196 1546 tabularum
1221 1482 1310 1547 sonte

243 1600 340 1670 atque
379 1589 548 1652 Thoonem
589 1589 785 1670 pependisse
824 1589 986 1652 coniceret
1023 1607 1062 1652 ea
1098 1591 1240 1653 maxime
1277 1611 1310 1654 re

243 1706 427 1759 commotus
465 1706 514 1758 est
552 1695 603 1780 (cf.
644 1693 767 1782 proleg3
804 1715 879 1776 pag.
916 1696 1063 1776 XXXII),
1097 1699 1186 1778 quod
1216 1697 1310 1762 T-beo

243 1802 396 1883 exempla
423 1823 442 1864 e
465 1803 593 1883 scriptis
617 1813 761 1865 ueterum
786 1813 917 1884 sumpta
940 1803 1111 1868 iuuenibus
1134 1785 1311 1869 ediscenda

243 1912 477 1973 commendans
500 1910 587 1972 haud
602 1930 707 1990 pauca
727 1912 995 1975 commemorauit
1010 1921 1210 1992 argumenta,
1228 1931 1311 1993 quae

243 2020 331 2098 apud
367 2018 519 2080 Babrium
555 2027 729 2093 recurrunt,
760 2019 846 2082 unde
870 2028 957 2081 recte
981 2016 1138 2080 conclusit
1163 2019 1211 2082 uir
1234 2020 1308 2082 doc·

243 2136 295 2188 tus
330 2123 463 2208 (encycl.
500 2123 650 2186 Wissow.
687 2125 726 2199 ll,
764 2146 795 2206 p.
822 2126 921 2200 2662)
946 2125 1065 2188 Babrio
1088 2125 1256 2208 sophistae
1279 2137 1311 2190 et

243 2253 281 2295 ea
313 2233 384 2313 ipsa
408 2241 609 2312 argumenta,
634 2253 817 2312 quaecum
841 2232 978 2296 Theone
1001 2234 1208 2296 consentiens
1231 2244 1310 2298 trac·

242 2341 333 2416 tauit,
357 2350 389 2402 et
413 2337 475 2402 alia
498 2338 659 2420 quaedam
683 2338 799 2402 similia
822 2340 1014 2402 ascribenda
1030 2359 1112 2402 esse.
1146 2340 1309 2421 Quoniam
1400 2411 1401 2415 Ἰ

243 2458 351 2510 autem
387 2433 425 2508 iis
457 2447 646 2528 praesertim
682 2446 867 2510 auctoribus
891 2448 1042 2528 antiquis,
1068 2449 1123 2528 qui
1149 2449 1181 2510 in
1205 2467 1310 2512 rerum

243 2565 406 2635 gestarum
431 2555 587 2616 memoria
610 2555 774 2634 exigenda
798 2556 916 2618 uersati
940 2565 1041 2628 erant,
1068 2554 1211 2618 rhetores
1236 2574 1311 2635 ope·

244 2682 312 2724 ram
351 2661 475 2724 dabant
510 2662 556 2741 (id
592 2663 678 2724 enim
714 2682 754 2727 ea
788 2682 831 2724 ex
866 2683 899 2724 re
935 2661 1027 2725 facile
1050 2672 1196 2743 apparet,
1221 2652 1330 2742 quod

243 2779 376 2832 auctore
400 2769 530 2832 Rhodio
555 2767 683 2832 Grieeh.
709 2770 804 2832 Rom.
831 2790 861 2850 p.
889 2785 953 2847 320
977 2771 1051 2832 adn.
1081 2785 1092 2830 1
1121 2769 1164 2832 ad
1188 2753 1312 2849 genera

243 2875 449 2957 eloquentiae
488 2875 787 2961 συμβουλευτικόν,
823 2873 1005 2952 δικανικόν,
1044 2874 1310 2958 ἐγκωμιαστικόν

243 2994 392 3065 quartum
428 2981 600 3062 ἱστορικόν
632 2982 828 3067 adiecerunt)
862 2983 950 3046 haud
985 2981 1115 3046 difficile
1150 2993 1199 3045 est
1223 2981 1311 3048 intel-

243 3090 343 3170 ligere
378 3091 532 3165 rhetores
569 3092 623 3172 qui
659 3091 790 3172 quidem
826 3090 1006 3156 fabularum
1042 3091 1152 3171 generi
1176 3109 1310 3171 operam

243 3199 368 3272 darent,
405 3196 530 3260 fabulas
566 3218 642 3262 suas
665 3219 684 3260 e
707 3199 835 3280 scriptis
859 3207 1002 3260 ueterum
1027 3207 1201 3278 excerptas
1225 3217 1243 3260 e
1267 3219 1311 3260 re·

156 3311 157 3314 ’
244 3326 313 3368 rum
329 3306 542 3386 potissimum
567 3305 779 3386 scriptoribus
802 3304 991 3386 sumpsisse.
1040 3304 1153 3384 Atque
1176 3325 1210 3368 re
1233 3325 1311 3368 uera
1360 3385 1361 3388 Ἴ
1472 3299 1475 3303 ’

244 3411 371 3475 fabulae
404 3432 518 3474 omnes
552 3433 572 3474 a
607 3412 744 3474 Theone
775 3411 795 3474 l.
821 3411 839 3474 l.
865 3422 1141 3476 commemoratae
1164 3433 1183 3474 e
1207 3431 1310 3475 rerum

243 3512 454 3601 scriptoribus
489 3529 639 3601 sumptae
662 3531 745 3581 sunt.
794 3518 925 3582 Crusius
948 3521 1046 3600 igitur
1069 3540 1170 3600 quum
1194 3529 1311 3582 statue·

244 3637 291 3690 ret
314 3627 485 3690 Theonem
509 3638 541 3688 et
562 3627 715 3689 Babrium
732 3628 848 3689 eadem
865 3624 1091 3708 exemplorum
1108 3626 1310 3701 collectione,
1340 3653 1346 3698 χ

243 3736 274 3798 in
312 3754 375 3815 qua
399 3733 475 3797 talia
497 3732 758 3817 παραδείγματα
782 3745 957 3808 exstarent,
984 3754 1061 3796 usos
1085 3754 1157 3798 esse
1180 3733 1231 3819 (cf.
1258 3755 1311 3796 en-

243 3841 324 3922 cycl.
362 3843 459 3904 Wiss
496 3843 525 3904 ll
562 3863 593 3923 p.
621 3843 705 3921 2663
731 3852 763 3906 et
787 3840 898 3905 Philol.
926 3842 1172 3927 LIV·p.'745)‚
1199 3843 1310 3905 nescio
1398 3839 1399 3842 ’

244 3969 286 4011 an
321 3951 514 4012 sententiam
551 3951 596 4012 ita
628 3951 820 4030 restringere
844 3950 1000 4024 debuerit,
1026 3960 1061 4012 ut
1085 3950 1127 4012 de
1151 3947 1310 4030 exemplis

243 4078 261 4120 e
286 4077 387 4120 rerum
413 4058 625 4137 scriptoribus
648 4057 725 4120 solis
749 4043 886 4138 sumptis
910 4067 1077 4120 statueret.
1119 4057 1169 4118 Eo
1188 4057 1310 4120 maiore

242 4167 309 4227 iure
334 4186 437 4227 rerum
462 4166 636 4246 scriptores
659 4187 679 4227 a
703 4164 935 4227 fabulatoribus
960 4165 1089 4245 penitus
1111 4181 1311 4244 cognoscen-
1424 4179 1426 4183 ’
