<?xml version="1.0" encoding="UTF-8"?>
<!DOCTYPE html PUBLIC "-//W3C//DTD XHTML 1.0 Transitional//EN"
    "http://www.w3.org/TR/xhtml1/DTD/xhtml1-transitional.dtd">
<html xmlns="http://www.w3.org/1999/xhtml" xml:lang="en" lang="en">
 <head>
  <title>
</title>
<meta http-equiv="Content-Type" content="text/html;charset=utf-8" />
  <meta name='ocr-system' content='tesseract 3.04.00' />
  <meta name='ocr-capabilities' content='ocr_page ocr_carea ocr_par ocr_line ocrx_word'/>
</head>
<body>
  <div class='ocr_page' id='page_1' title='image "./stvdiadefontibv00chrigoog_0143.png"; bbox 0 0 3260 4882; ppageno 0'>
   <div class='ocr_carea' id='block_1_1' title="bbox 694 381 893 444">
    <p class='ocr_par' dir='ltr' id='par_1_1' title="bbox 694 381 893 444">
     <span class='ocr_line' id='line_1_1' title="bbox 694 381 893 444; baseline 0.015 -36"><span class='ocrx_word' id='word_1_1' title='bbox 694 403 731 410; x_wconf 83' lang='grc'>-,</span> <span class='ocrx_word' id='word_1_2' title='bbox 767 381 823 444; x_wconf 61' lang='lat'>133</span> <span class='ocrx_word' id='word_1_3' title='bbox 850 401 893 411; x_wconf 48' lang='lat'>..</span> 
     </span>
    </p>
   </div>
   <div class='ocr_carea' id='block_1_2' title="bbox 184 571 1382 4219">
    <p class='ocr_par' dir='ltr' id='par_1_2' title="bbox 184 571 1329 1954">
     <span class='ocr_line' id='line_1_2' title="bbox 257 571 1329 661; baseline 0.002 -19"><span class='ocrx_word' id='word_1_4' title='bbox 257 571 339 642; x_wconf 85' lang='lat' dir='ltr'>hanc</span> <span class='ocrx_word' id='word_1_5' title='bbox 377 577 518 642; x_wconf 82' lang='lat' dir='ltr'>fabulam</span> <span class='ocrx_word' id='word_1_6' title='bbox 547 577 789 659; x_wconf 83' lang='lat' dir='ltr'>explanandam</span> <span class='ocrx_word' id='word_1_7' title='bbox 814 580 912 641; x_wconf 89' lang='lat' dir='ltr'>etiam</span> <span class='ocrx_word' id='word_1_8' title='bbox 937 579 968 642; x_wconf 91' lang='lat' dir='ltr'>id</span> <span class='ocrx_word' id='word_1_9' title='bbox 994 580 1197 661; x_wconf 89' lang='lat' dir='ltr'>aliquantum</span> <span class='ocrx_word' id='word_1_10' title='bbox 1222 579 1329 644; x_wconf 87' lang='lat' dir='ltr'>ualere</span> 
     </span>
     <span class='ocr_line' id='line_1_3' title="bbox 257 662 1328 770; baseline 0.001 -21"><span class='ocrx_word' id='word_1_11' title='bbox 257 688 371 766; x_wconf 84' lang='lat' dir='ltr'>possit,</span> <span class='ocrx_word' id='word_1_12' title='bbox 397 686 486 768; x_wconf 90' lang='lat' dir='ltr'>qnod</span> <span class='ocrx_word' id='word_1_13' title='bbox 510 686 593 748; x_wconf 90' lang='lat' dir='ltr'>asini</span> <span class='ocrx_word' id='word_1_14' title='bbox 616 705 716 766; x_wconf 92' lang='lat' dir='ltr'>quum</span> <span class='ocrx_word' id='word_1_15' title='bbox 742 662 862 766; x_wconf 89' lang='lat' dir='ltr'>pabulo</span> <span class='ocrx_word' id='word_1_16' title='bbox 887 686 1011 769; x_wconf 90' lang='lat' dir='ltr'>impleti</span> <span class='ocrx_word' id='word_1_17' title='bbox 1029 687 1222 764; x_wconf 85' lang='lat' dir='ltr'>lasciuirent‚</span> <span class='ocrx_word' id='word_1_18' title='bbox 1239 689 1328 770; x_wconf 87' lang='lat' dir='ltr'>apud</span> 
     </span>
     <span class='ocr_line' id='line_1_4' title="bbox 256 794 1327 876; baseline 0 -20"><span class='ocrx_word' id='word_1_19' title='bbox 256 795 430 875; x_wconf 87' lang='lat' dir='ltr'><strong>scriptores</strong></span> <span class='ocrx_word' id='word_1_20' title='bbox 465 794 617 876; x_wconf 88' lang='lat' dir='ltr'>antiquos</span> <span class='ocrx_word' id='word_1_21' title='bbox 641 794 790 871; x_wconf 79' lang='grc' dir='ltr'>σκιρτᾶν,</span> <span class='ocrx_word' id='word_1_22' title='bbox 816 795 891 874; x_wconf 91' lang='lat' dir='ltr'>equi</span> <span class='ocrx_word' id='word_1_23' title='bbox 915 794 1051 873; x_wconf 65' lang='lat' dir='ltr'>aprinum</span> <span class='ocrx_word' id='word_1_24' title='bbox 1075 795 1139 858; x_wconf 88' lang='lat' dir='ltr'>dici</span> <span class='ocrx_word' id='word_1_25' title='bbox 1168 794 1327 862; x_wconf 86' lang='lat' dir='ltr'>solebant.</span> 
     </span>
     <span class='ocr_line' id='line_1_5' title="bbox 257 898 1320 984; baseline -0.003 -21"><span class='ocrx_word' id='word_1_26' title='bbox 257 901 303 963; x_wconf 88' lang='lat' dir='ltr'>Vt</span> <span class='ocrx_word' id='word_1_27' title='bbox 327 901 463 964; x_wconf 89' lang='lat' dir='ltr'>Babrius</span> <span class='ocrx_word' id='word_1_28' title='bbox 491 917 561 979; x_wconf 81' lang='lat'>139,</span> <span class='ocrx_word' id='word_1_29' title='bbox 589 917 605 978; x_wconf 88' lang='lat'>3</span> <span class='ocrx_word' id='word_1_30' title='bbox 631 898 693 984; x_wconf 87' lang='lat' dir='ltr'>(ed.</span> <span class='ocrx_word' id='word_1_31' title='bbox 719 899 824 980; x_wconf 84' lang='lat' dir='ltr'>Crus)</span> <span class='ocrx_word' id='word_1_32' title='bbox 848 901 949 964; x_wconf 87' lang='lat' dir='ltr'>habet</span> <span class='ocrx_word' id='word_1_33' title='bbox 977 903 1140 982; x_wconf 81' lang='grc' dir='ltr'>»σκιρτῶν</span> <span class='ocrx_word' id='word_1_34' title='bbox 1157 899 1320 982; x_wconf 81' lang='grc' dir='ltr'>δ’ἐπήδα»</span> 
     </span>
     <span class='ocr_line' id='line_1_6' title="bbox 256 1001 1327 1094; baseline 0.001 -24"><span class='ocrx_word' id='word_1_35' title='bbox 256 1018 288 1070; x_wconf 85' lang='grc'>11</span> <span class='ocrx_word' id='word_1_36' title='bbox 309 1009 379 1086; x_wconf 82' lang='lat'>163,</span> <span class='ocrx_word' id='word_1_37' title='bbox 401 1021 415 1087; x_wconf 94' lang='grc'>5</span> <span class='ocrx_word' id='word_1_38' title='bbox 431 1008 492 1094; x_wconf 90' lang='lat' dir='ltr'>(ed.</span> <span class='ocrx_word' id='word_1_39' title='bbox 508 1006 611 1091; x_wconf 78' lang='lat' dir='ltr'>Cras.)</span> <span class='ocrx_word' id='word_1_40' title='bbox 632 1001 795 1086; x_wconf 71' lang='grc' dir='ltr'>»σκίρτῶν</span> <span class='ocrx_word' id='word_1_41' title='bbox 811 1005 930 1090; x_wconf 80' lang='grc' dir='ltr'>ἔμελλε</span> <span class='ocrx_word' id='word_1_42' title='bbox 949 1059 953 1070; x_wconf 95' lang='grc'><strong>.</strong></span> <span class='ocrx_word' id='word_1_43' title='bbox 971 1059 976 1070; x_wconf 95' lang='grc'><strong><em>.</em></strong></span> <span class='ocrx_word' id='word_1_44' title='bbox 997 1035 1022 1071; x_wconf 85' lang='lat'>.›&gt;</span> <span class='ocrx_word' id='word_1_45' title='bbox 1039 1020 1072 1072; x_wconf 92' lang='lat' dir='ltr'>et</span> <span class='ocrx_word' id='word_1_46' title='bbox 1084 1008 1327 1090; x_wconf 83' lang='lat' dir='ltr'>Aristophanes</span> 
     </span>
     <span class='ocr_line' id='line_1_7' title="bbox 258 1112 1326 1198; baseline 0.002 -20"><span class='ocrx_word' id='word_1_47' title='bbox 258 1115 359 1196; x_wconf 88' lang='lat' dir='ltr'>Vesp.</span> <span class='ocrx_word' id='word_1_48' title='bbox 384 1129 463 1196; x_wconf 84' lang='lat'>1305</span> <span class='ocrx_word' id='word_1_49' title='bbox 487 1113 620 1194; x_wconf 71' lang='grc' dir='ltr'>»ὥσπερ</span> <span class='ocrx_word' id='word_1_50' title='bbox 635 1113 795 1194; x_wconf 80' lang='grc' dir='ltr'>καχρύων</span> <span class='ocrx_word' id='word_1_51' title='bbox 812 1112 940 1178; x_wconf 78' lang='grc' dir='ltr'>ὀνίδιον</span> <span class='ocrx_word' id='word_1_52' title='bbox 964 1116 1177 1198; x_wconf 78' lang='grc' dir='ltr'>εὐωχημένον</span> <span class='ocrx_word' id='word_1_53' title='bbox 1194 1115 1326 1196; x_wconf 77' lang='grc' dir='ltr'>ἐνήλατ’</span> 
     </span>
     <span class='ocr_line' id='line_1_8' title="bbox 258 1221 1328 1303; baseline 0.002 -19"><span class='ocrx_word' id='word_1_54' title='bbox 258 1221 398 1302; x_wconf 79' lang='grc' dir='ltr'>ἐσκίρτα</span> <span class='ocrx_word' id='word_1_55' title='bbox 417 1272 422 1285; x_wconf 95' lang='grc'><strong><em>.</em></strong></span> <span class='ocrx_word' id='word_1_56' title='bbox 443 1272 449 1284; x_wconf 93' lang='grc'><em>,</em></span> <span class='ocrx_word' id='word_1_57' title='bbox 470 1247 495 1284; x_wconf 67' lang='lat' dir='ltr'>,s</span> <span class='ocrx_word' id='word_1_58' title='bbox 524 1221 725 1302; x_wconf 84' lang='lat' dir='ltr'>Aeschylum</span> <span class='ocrx_word' id='word_1_59' title='bbox 743 1234 850 1285; x_wconf 90' lang='lat' dir='ltr'>autem</span> <span class='ocrx_word' id='word_1_60' title='bbox 868 1224 900 1285; x_wconf 93' lang='grc'>111</span> <span class='ocrx_word' id='word_1_61' title='bbox 918 1222 1033 1286; x_wconf 82' lang='lat' dir='ltr'>sabulis</span> <span class='ocrx_word' id='word_1_62' title='bbox 1046 1225 1112 1286; x_wconf 90' lang='lat' dir='ltr'>suis</span> <span class='ocrx_word' id='word_1_63' title='bbox 1129 1224 1328 1303; x_wconf 68' lang='grc' dir='ltr'>»κριθιῶντα</span> 
     </span>
     <span class='ocr_line' id='line_1_9' title="bbox 255 1327 1326 1412; baseline 0.002 -20"><span class='ocrx_word' id='word_1_64' title='bbox 255 1331 386 1392; x_wconf 77' lang='grc' dir='ltr'>πῶλον»</span> <span class='ocrx_word' id='word_1_65' title='bbox 407 1327 715 1392; x_wconf 87' lang='lat' dir='ltr'>commemorauisse</span> <span class='ocrx_word' id='word_1_66' title='bbox 732 1329 838 1392; x_wconf 87' lang='lat' dir='ltr'>lexica</span> <span class='ocrx_word' id='word_1_67' title='bbox 853 1331 984 1393; x_wconf 89' lang='lat' dir='ltr'><strong>docent.</strong></span> <span class='ocrx_word' id='word_1_68' title='bbox 1006 1329 1118 1393; x_wconf 87' lang='lat' dir='ltr'>Simile</span> <span class='ocrx_word' id='word_1_69' title='bbox 1135 1333 1213 1412; x_wconf 93' lang='lat' dir='ltr'>quid</span> <span class='ocrx_word' id='word_1_70' title='bbox 1229 1332 1326 1394; x_wconf 89' lang='lat' dir='ltr'>etiam</span> 
     </span>
     <span class='ocr_line' id='line_1_10' title="bbox 257 1436 1326 1518; baseline 0.001 -18"><span class='ocrx_word' id='word_1_71' title='bbox 257 1439 289 1500; x_wconf 88' lang='lat' dir='ltr'>in</span> <span class='ocrx_word' id='word_1_72' title='bbox 313 1437 492 1518; x_wconf 86' lang='lat' dir='ltr'>exemplari</span> <span class='ocrx_word' id='word_1_73' title='bbox 515 1437 624 1500; x_wconf 88' lang='lat' dir='ltr'>Babrii</span> <span class='ocrx_word' id='word_1_74' title='bbox 647 1439 689 1500; x_wconf 89' lang='lat' dir='ltr'>de</span> <span class='ocrx_word' id='word_1_75' title='bbox 713 1436 802 1500; x_wconf 93' lang='lat' dir='ltr'>mulo</span> <span class='ocrx_word' id='word_1_76' title='bbox 818 1439 940 1500; x_wconf 89' lang='lat' dir='ltr'>dictum</span> <span class='ocrx_word' id='word_1_77' title='bbox 958 1458 1030 1501; x_wconf 88' lang='lat' dir='ltr'>esse</span> <span class='ocrx_word' id='word_1_78' title='bbox 1046 1438 1121 1500; x_wconf 89' lang='lat' dir='ltr'>inde</span> <span class='ocrx_word' id='word_1_79' title='bbox 1139 1438 1326 1514; x_wconf 89' lang='lat' dir='ltr'>concludas,</span> 
     </span>
     <span class='ocr_line' id='line_1_11' title="bbox 256 1543 1325 1628; baseline 0.003 -22"><span class='ocrx_word' id='word_1_80' title='bbox 256 1546 346 1627; x_wconf 92' lang='lat' dir='ltr'>quod</span> <span class='ocrx_word' id='word_1_81' title='bbox 383 1544 492 1609; x_wconf 88' lang='lat' dir='ltr'>fabula</span> <span class='ocrx_word' id='word_1_82' title='bbox 517 1543 625 1608; x_wconf 89' lang='lat' dir='ltr'><strong>Halm.</strong></span> <span class='ocrx_word' id='word_1_83' title='bbox 656 1559 726 1625; x_wconf 83' lang='lat'>157,</span> <span class='ocrx_word' id='word_1_84' title='bbox 751 1564 836 1627; x_wconf 89' lang='lat' dir='ltr'>quae</span> <span class='ocrx_word' id='word_1_85' title='bbox 860 1545 924 1607; x_wconf 89' lang='lat' dir='ltr'>hoc</span> <span class='ocrx_word' id='word_1_86' title='bbox 948 1546 1049 1610; x_wconf 91' lang='lat' dir='ltr'>modo</span> <span class='ocrx_word' id='word_1_87' title='bbox 1073 1547 1198 1608; x_wconf 91' lang='lat' dir='ltr'>initium</span> <span class='ocrx_word' id='word_1_88' title='bbox 1223 1547 1325 1628; x_wconf 83' lang='lat' dir='ltr'>capit:</span> 
     </span>
     <span class='ocr_line' id='line_1_12' title="bbox 259 1651 1326 1734; baseline 0.006 -23"><span class='ocrx_word' id='word_1_89' title='bbox 259 1651 419 1734; x_wconf 78' lang='grc' dir='ltr'>»ἡμίονός</span> <span class='ocrx_word' id='word_1_90' title='bbox 442 1673 491 1730; x_wconf 79' lang='grc' dir='ltr'>τις</span> <span class='ocrx_word' id='word_1_91' title='bbox 514 1654 553 1714; x_wconf 79' lang='grc' dir='ltr'>ἐκ</span> <span class='ocrx_word' id='word_1_92' title='bbox 579 1652 702 1732; x_wconf 74' lang='grc' dir='ltr'>κριθῆς</span> <span class='ocrx_word' id='word_1_93' title='bbox 722 1653 933 1732; x_wconf 72' lang='grc' dir='ltr'>παχυνθεῐσα</span> <span class='ocrx_word' id='word_1_94' title='bbox 961 1651 1204 1733; x_wconf 79' lang='grc' dir='ltr'>ἀνεσκίρτησε»</span> <span class='ocrx_word' id='word_1_95' title='bbox 1225 1654 1326 1716; x_wconf 91' lang='lat' dir='ltr'>uerbo</span> 
     </span>
     <span class='ocr_line' id='line_1_13' title="bbox 256 1759 1326 1842; baseline 0.001 -20"><span class='ocrx_word' id='word_1_96' title='bbox 256 1761 466 1838; x_wconf 85' lang='grc' dir='ltr'>ἀνασκιρτᾶν</span> <span class='ocrx_word' id='word_1_97' title='bbox 489 1759 610 1823; x_wconf 89' lang='lat' dir='ltr'>mulum</span> <span class='ocrx_word' id='word_1_98' title='bbox 634 1761 736 1835; x_wconf 90' lang='lat' dir='ltr'>asino,</span> <span class='ocrx_word' id='word_1_99' title='bbox 761 1760 897 1825; x_wconf 90' lang='lat' dir='ltr'>Babrius</span> <span class='ocrx_word' id='word_1_100' title='bbox 923 1781 1004 1824; x_wconf 89' lang='lat' dir='ltr'>uers.</span> <span class='ocrx_word' id='word_1_101' title='bbox 1032 1778 1049 1824; x_wconf 91' lang='lat'>2</span> <span class='ocrx_word' id='word_1_102' title='bbox 1073 1761 1209 1842; x_wconf 71' lang='lat' dir='ltr'>uprllrtiv</span> <span class='ocrx_word' id='word_1_103' title='bbox 1225 1762 1326 1824; x_wconf 92' lang='lat' dir='ltr'>uerbo</span> 
     </span>
     <span class='ocr_line' id='line_1_14' title="bbox 184 1867 707 1954; baseline 0.004 -26"><span class='ocrx_word' id='word_1_104' title='bbox 184 1943 186 1954; x_wconf 36' lang='grc' dir='ltr'>Ι</span> <span class='ocrx_word' id='word_1_105' title='bbox 256 1887 343 1948; x_wconf 89' lang='lat' dir='ltr'>equo</span> <span class='ocrx_word' id='word_1_106' title='bbox 368 1867 575 1949; x_wconf 73' lang='lat' dir='ltr'>adaequauit.</span> <span class='ocrx_word' id='word_1_107' title='bbox 706 1937 707 1942; x_wconf 52' lang='lat'>.</span> 
     </span>
    </p>

    <p class='ocr_par' dir='ltr' id='par_1_3' title="bbox 197 1959 1382 3780">
     <span class='ocr_line' id='line_1_15' title="bbox 197 1959 1326 2058; baseline 0.004 -23"><span class='ocrx_word' id='word_1_108' title='bbox 197 1959 198 1962; x_wconf 23' lang='lat'>¹</span> <span class='ocrx_word' id='word_1_109' title='bbox 363 1973 474 2056; x_wconf 85' lang='lat' dir='ltr'>Quum</span> <span class='ocrx_word' id='word_1_110' title='bbox 498 1975 540 2038; x_wconf 88' lang='lat' dir='ltr'>de</span> <span class='ocrx_word' id='word_1_111' title='bbox 565 1973 673 2038; x_wconf 82' lang='lat' dir='ltr'>sabula</span> <span class='ocrx_word' id='word_1_112' title='bbox 698 1974 792 2038; x_wconf 90' lang='lat' dir='ltr'>Babr.</span> <span class='ocrx_word' id='word_1_113' title='bbox 824 1989 880 2055; x_wconf 85' lang='lat'>115</span> <span class='ocrx_word' id='word_1_114' title='bbox 900 1978 1079 2058; x_wconf 86' lang='lat' dir='ltr'>disputatio</span> <span class='ocrx_word' id='word_1_115' title='bbox 1095 1989 1175 2052; x_wconf 88' lang='lat' dir='ltr'>erat,</span> <span class='ocrx_word' id='word_1_116' title='bbox 1193 1977 1326 2040; x_wconf 88' lang='lat' dir='ltr'>demon-</span> 
     </span>
     <span class='ocr_line' id='line_1_16' title="bbox 255 2082 1325 2168; baseline 0.004 -24"><span class='ocrx_word' id='word_1_117' title='bbox 255 2093 391 2146; x_wconf 85' lang='lat' dir='ltr'>stratum</span> <span class='ocrx_word' id='word_1_118' title='bbox 415 2093 466 2146; x_wconf 85' lang='lat' dir='ltr'>est</span> <span class='ocrx_word' id='word_1_119' title='bbox 490 2082 754 2146; x_wconf 86' lang='lat' dir='ltr'>Rutherlordium</span> <span class='ocrx_word' id='word_1_120' title='bbox 780 2082 861 2146; x_wconf 87' lang='lat' dir='ltr'>falso</span> <span class='ocrx_word' id='word_1_121' title='bbox 885 2083 977 2168; x_wconf 85' lang='lat' dir='ltr'>(prol.</span> <span class='ocrx_word' id='word_1_122' title='bbox 1003 2105 1078 2166; x_wconf 88' lang='lat' dir='ltr'>pag.</span> <span class='ocrx_word' id='word_1_123' title='bbox 1105 2084 1243 2168; x_wconf 81' lang='lat' dir='ltr'>XLVII)</span> <span class='ocrx_word' id='word_1_124' title='bbox 1264 2096 1325 2148; x_wconf 87' lang='lat' dir='ltr'>sta-</span> 
     </span>
     <span class='ocr_line' id='line_1_17' title="bbox 256 2190 1325 2277; baseline 0.002 -25"><span class='ocrx_word' id='word_1_125' title='bbox 256 2191 356 2254; x_wconf 89' lang='lat' dir='ltr'>tuisse</span> <span class='ocrx_word' id='word_1_126' title='bbox 380 2191 409 2252; x_wconf 91' lang='lat' dir='ltr'>ei</span> <span class='ocrx_word' id='word_1_127' title='bbox 433 2191 608 2254; x_wconf 83' lang='lat' dir='ltr'>narrationi</span> <span class='ocrx_word' id='word_1_128' title='bbox 632 2190 768 2252; x_wconf 85' lang='lat' dir='ltr'>subesse</span> <span class='ocrx_word' id='word_1_129' title='bbox 795 2191 1001 2272; x_wconf 89' lang='lat' dir='ltr'>prouerbium</span> <span class='ocrx_word' id='word_1_130' title='bbox 1025 2191 1325 2277; x_wconf 82' lang='lat' dir='ltr'>Pseudo-Plutarchi</span> 
     </span>
     <span class='ocr_line' id='line_1_18' title="bbox 257 2299 1325 2378; baseline 0.002 -18"><span class='ocrx_word' id='word_1_131' title='bbox 257 2312 314 2378; x_wconf 77' lang='grc'>251</span> <span class='ocrx_word' id='word_1_132' title='bbox 355 2299 456 2362; x_wconf 78' lang='grc' dir='ltr'>»ἄνευ</span> <span class='ocrx_word' id='word_1_133' title='bbox 480 2299 611 2377; x_wconf 80' lang='grc' dir='ltr'>πτερῶν</span> <span class='ocrx_word' id='word_1_134' title='bbox 634 2299 746 2378; x_wconf 78' lang='grc' dir='ltr'>ζητεῖς</span> <span class='ocrx_word' id='word_1_135' title='bbox 767 2299 960 2362; x_wconf 72' lang='grc' dir='ltr'>ἵπτασθαι».</span> <span class='ocrx_word' id='word_1_136' title='bbox 1009 2300 1192 2363; x_wconf 88' lang='lat' dir='ltr'>Verisimile</span> <span class='ocrx_word' id='word_1_137' title='bbox 1216 2311 1325 2364; x_wconf 88' lang='lat' dir='ltr'>autem</span> 
     </span>
     <span class='ocr_line' id='line_1_19' title="bbox 255 2405 1335 2489; baseline 0.002 -21"><span class='ocrx_word' id='word_1_138' title='bbox 255 2406 334 2470; x_wconf 88' lang='lat' dir='ltr'>mihi</span> <span class='ocrx_word' id='word_1_139' title='bbox 358 2406 484 2469; x_wconf 88' lang='lat' dir='ltr'>uidetur</span> <span class='ocrx_word' id='word_1_140' title='bbox 500 2427 572 2470; x_wconf 90' lang='lat' dir='ltr'>esse</span> <span class='ocrx_word' id='word_1_141' title='bbox 589 2408 622 2470; x_wconf 91' lang='lat' dir='ltr'>id</span> <span class='ocrx_word' id='word_1_142' title='bbox 639 2406 845 2488; x_wconf 89' lang='lat' dir='ltr'>prouerbium</span> <span class='ocrx_word' id='word_1_143' title='bbox 863 2409 904 2469; x_wconf 91' lang='lat' dir='ltr'>ad</span> <span class='ocrx_word' id='word_1_144' title='bbox 923 2405 1062 2470; x_wconf 79' lang='lat' dir='ltr'>fabulam</span> <span class='ocrx_word' id='word_1_145' title='bbox 1080 2409 1120 2487; x_wconf 89' lang='lat'>65</span> <span class='ocrx_word' id='word_1_146' title='bbox 1140 2408 1335 2489; x_wconf 77' lang='lat' dir='ltr'>contingen·</span> 
     </span>
     <span class='ocr_line' id='line_1_20' title="bbox 256 2503 1326 2596; baseline 0.001 -20"><span class='ocrx_word' id='word_1_147' title='bbox 256 2516 331 2577; x_wconf 91' lang='lat' dir='ltr'>dam</span> <span class='ocrx_word' id='word_1_148' title='bbox 367 2516 567 2596; x_wconf 89' lang='lat' dir='ltr'>pertinuisse.</span> <span class='ocrx_word' id='word_1_149' title='bbox 615 2513 715 2596; x_wconf 85' lang='lat' dir='ltr'>Quod</span> <span class='ocrx_word' id='word_1_150' title='bbox 748 2515 834 2578; x_wconf 89' lang='lat' dir='ltr'>enim</span> <span class='ocrx_word' id='word_1_151' title='bbox 858 2515 945 2596; x_wconf 91' lang='lat' dir='ltr'>apud</span> <span class='ocrx_word' id='word_1_152' title='bbox 971 2503 1121 2578; x_wconf 87' lang='lat' dir='ltr'>Babrium</span> <span class='ocrx_word' id='word_1_153' title='bbox 1147 2535 1224 2596; x_wconf 88' lang='lat' dir='ltr'>grus</span> <span class='ocrx_word' id='word_1_154' title='bbox 1247 2517 1326 2578; x_wconf 84' lang='lat' dir='ltr'>dloit</span> 
     </span>
     <span class='ocr_line' id='line_1_21' title="bbox 256 2620 1324 2702; baseline 0 -18"><span class='ocrx_word' id='word_1_155' title='bbox 256 2641 419 2702; x_wconf 85' lang='lat' dir='ltr'>pauonem</span> <span class='ocrx_word' id='word_1_156' title='bbox 455 2623 537 2684; x_wconf 93' lang='lat' dir='ltr'>sicut</span> <span class='ocrx_word' id='word_1_157' title='bbox 572 2620 692 2702; x_wconf 88' lang='lat' dir='ltr'>gallum</span> <span class='ocrx_word' id='word_1_158' title='bbox 726 2621 816 2684; x_wconf 93' lang='lat' dir='ltr'>humi</span> <span class='ocrx_word' id='word_1_159' title='bbox 852 2621 920 2685; x_wconf 88' lang='lat' dir='ltr'>alas</span> <span class='ocrx_word' id='word_1_160' title='bbox 954 2623 1076 2702; x_wconf 86' lang='lat' dir='ltr'>agitare</span> <span class='ocrx_word' id='word_1_161' title='bbox 1100 2643 1207 2702; x_wconf 87' lang='lat' dir='ltr'>neque</span> <span class='ocrx_word' id='word_1_162' title='bbox 1235 2624 1324 2686; x_wconf 69' lang='lat' dir='ltr'>»aru</span> 
     </span>
     <span class='ocr_line' id='line_1_22' title="bbox 257 2729 1324 2810; baseline 0.001 -19"><span class='ocrx_word' id='word_1_163' title='bbox 257 2729 472 2810; x_wconf 65' lang='grc' dir='ltr'>φαίνεσθαι»,</span> <span class='ocrx_word' id='word_1_164' title='bbox 509 2739 622 2791; x_wconf 84' lang='lat' dir='ltr'>auctor</span> <span class='ocrx_word' id='word_1_165' title='bbox 644 2749 744 2810; x_wconf 91' lang='lat' dir='ltr'>quum</span> <span class='ocrx_word' id='word_1_166' title='bbox 769 2729 828 2792; x_wconf 90' lang='lat' dir='ltr'>has</span> <span class='ocrx_word' id='word_1_167' title='bbox 852 2750 929 2792; x_wconf 88' lang='lat' dir='ltr'>aues</span> <span class='ocrx_word' id='word_1_168' title='bbox 952 2731 1101 2810; x_wconf 88' lang='lat' dir='ltr'>quamuis</span> <span class='ocrx_word' id='word_1_169' title='bbox 1125 2729 1235 2792; x_wconf 89' lang='lat' dir='ltr'>uolare</span> <span class='ocrx_word' id='word_1_170' title='bbox 1250 2749 1324 2792; x_wconf 83' lang='lat' dir='ltr'>¹non</span> 
     </span>
     <span class='ocr_line' id='line_1_23' title="bbox 220 2837 1322 2918; baseline 0 -18"><span class='ocrx_word' id='word_1_171' title='bbox 220 2872 222 2876; x_wconf 95' lang='lat'>·</span> <span class='ocrx_word' id='word_1_172' title='bbox 256 2849 401 2918; x_wconf 87' lang='lat' dir='ltr'>possent,</span> <span class='ocrx_word' id='word_1_173' title='bbox 430 2841 520 2914; x_wconf 73' lang='grc' dir='ltr'>»τοῖς</span> <span class='ocrx_word' id='word_1_174' title='bbox 542 2841 709 2915; x_wconf 83' lang='grc' dir='ltr'>πτεροῖς»,</span> <span class='ocrx_word' id='word_1_175' title='bbox 736 2846 771 2899; x_wconf 92' lang='lat' dir='ltr'>ut</span> <span class='ocrx_word' id='word_1_176' title='bbox 785 2839 836 2899; x_wconf 90' lang='lat' dir='ltr'>·de</span> <span class='ocrx_word' id='word_1_177' title='bbox 860 2858 990 2918; x_wconf 89' lang='lat' dir='ltr'>pauone</span> <span class='ocrx_word' id='word_1_178' title='bbox 1014 2839 1060 2900; x_wconf 91' lang='lat' dir='ltr'>ait</span> <span class='ocrx_word' id='word_1_179' title='bbox 1083 2837 1240 2900; x_wconf 90' lang='lat' dir='ltr'>Aelianus</span> <span class='ocrx_word' id='word_1_180' title='bbox 1258 2849 1322 2900; x_wconf 87' lang='lat' dir='ltr'>nat.</span> 
     </span>
     <span class='ocr_line' id='line_1_24' title="bbox 256 2944 1324 3026; baseline 0 -18"><span class='ocrx_word' id='word_1_181' title='bbox 256 2966 306 3008; x_wconf 89' lang='lat' dir='ltr'>an.</span> <span class='ocrx_word' id='word_1_182' title='bbox 334 2945 374 3020; x_wconf 88' lang='lat' dir='ltr'>V,</span> <span class='ocrx_word' id='word_1_183' title='bbox 401 2962 452 3019; x_wconf 90' lang='lat'>21,</span> <span class='ocrx_word' id='word_1_184' title='bbox 481 2944 661 3022; x_wconf 67' lang='lat' dir='ltr'>»lappam</span> <span class='ocrx_word' id='word_1_185' title='bbox 690 2945 824 3019; x_wconf 88' lang='lat' dir='ltr'>uideret,</span> <span class='ocrx_word' id='word_1_186' title='bbox 849 2946 967 3026; x_wconf 89' lang='lat' dir='ltr'>dignas</span> <span class='ocrx_word' id='word_1_187' title='bbox 983 2966 1039 3006; x_wconf 89' lang='lat' dir='ltr'>eas</span> <span class='ocrx_word' id='word_1_188' title='bbox 1056 2946 1264 3020; x_wconf 79' lang='lat' dir='ltr'>existimauit,</span> <span class='ocrx_word' id='word_1_189' title='bbox 1282 2948 1324 3008; x_wconf 92' lang='lat' dir='ltr'>ad</span> 
     </span>
     <span class='ocr_line' id='line_1_25' title="bbox 255 3051 1324 3135; baseline 0.002 -21"><span class='ocrx_word' id='word_1_190' title='bbox 255 3073 336 3135; x_wconf 88' lang='lat' dir='ltr'>quas</span> <span class='ocrx_word' id='word_1_191' title='bbox 372 3052 578 3133; x_wconf 91' lang='lat' dir='ltr'>prouerbium</span> <span class='ocrx_word' id='word_1_192' title='bbox 614 3051 690 3115; x_wconf 92' lang='lat' dir='ltr'>illud</span> <span class='ocrx_word' id='word_1_193' title='bbox 727 3053 920 3116; x_wconf 83' lang='lat' dir='ltr'>transferret.</span> <span class='ocrx_word' id='word_1_194' title='bbox 969 3053 1105 3124; x_wconf 84' lang='lat' dir='ltr'>Babrius</span> <span class='ocrx_word' id='word_1_195' title='bbox 1139 3065 1171 3115; x_wconf 91' lang='lat' dir='ltr'>et</span> <span class='ocrx_word' id='word_1_196' title='bbox 1196 3053 1324 3116; x_wconf 81' lang='lat' dir='ltr'>fabulae</span> 
     </span>
     <span class='ocr_line' id='line_1_26' title="bbox 255 3153 1382 3242; baseline 0.002 -20"><span class='ocrx_word' id='word_1_197' title='bbox 255 3160 363 3224; x_wconf 83' lang='lat' dir='ltr'><strong>Halm.</strong></span> <span class='ocrx_word' id='word_1_198' title='bbox 390 3176 453 3240; x_wconf 84' lang='lat'>397</span> <span class='ocrx_word' id='word_1_199' title='bbox 478 3171 511 3222; x_wconf 89' lang='lat' dir='ltr'>et</span> <span class='ocrx_word' id='word_1_200' title='bbox 535 3155 612 3240; x_wconf 71' lang='grc' dir='ltr'>397ὁ</span> <span class='ocrx_word' id='word_1_201' title='bbox 636 3181 735 3242; x_wconf 89' lang='lat' dir='ltr'>quum</span> <span class='ocrx_word' id='word_1_202' title='bbox 760 3160 901 3222; x_wconf 90' lang='lat' dir='ltr'>colorem</span> <span class='ocrx_word' id='word_1_203' title='bbox 927 3163 1014 3242; x_wconf 90' lang='lat' dir='ltr'>gruis</span> <span class='ocrx_word' id='word_1_204' title='bbox 1039 3163 1160 3241; x_wconf 89' lang='lat' dir='ltr'>pauoni</span> <span class='ocrx_word' id='word_1_205' title='bbox 1184 3161 1322 3224; x_wconf 92' lang='lat' dir='ltr'>ludibrio</span> <span class='ocrx_word' id='word_1_206' title='bbox 1380 3153 1382 3156; x_wconf 51' lang='grc'>’</span> 
     </span>
     <span class='ocr_line' id='line_1_27' title="bbox 256 3267 1321 3348; baseline 0.003 -19"><span class='ocrx_word' id='word_1_207' title='bbox 256 3268 352 3330; x_wconf 83' lang='lat' dir='ltr'>fuisse</span> <span class='ocrx_word' id='word_1_208' title='bbox 387 3267 524 3348; x_wconf 82' lang='lat' dir='ltr'>lingunt,</span> <span class='ocrx_word' id='word_1_209' title='bbox 561 3267 647 3330; x_wconf 91' lang='lat' dir='ltr'>haud</span> <span class='ocrx_word' id='word_1_210' title='bbox 673 3268 772 3330; x_wconf 91' lang='lat' dir='ltr'>dubie</span> <span class='ocrx_word' id='word_1_211' title='bbox 795 3271 989 3330; x_wconf 89' lang='lat' dir='ltr'>sententiam</span> <span class='ocrx_word' id='word_1_212' title='bbox 1013 3289 1220 3332; x_wconf 88' lang='lat' dir='ltr'>communem</span> <span class='ocrx_word' id='word_1_213' title='bbox 1244 3271 1321 3332; x_wconf 90' lang='lat' dir='ltr'>anti·</span> 
     </span>
     <span class='ocr_line' id='line_1_28' title="bbox 255 3374 1322 3456; baseline 0 -18"><span class='ocrx_word' id='word_1_214' title='bbox 255 3395 392 3456; x_wconf 90' lang='lat' dir='ltr'>quorum</span> <span class='ocrx_word' id='word_1_215' title='bbox 427 3375 574 3450; x_wconf 86' lang='lat' dir='ltr'>afferunt,</span> <span class='ocrx_word' id='word_1_216' title='bbox 611 3387 645 3437; x_wconf 90' lang='lat' dir='ltr'>ut</span> <span class='ocrx_word' id='word_1_217' title='bbox 679 3397 720 3438; x_wconf 85' lang='lat' dir='ltr'>ex</span> <span class='ocrx_word' id='word_1_218' title='bbox 757 3374 886 3438; x_wconf 86' lang='lat' dir='ltr'>Aeliani</span> <span class='ocrx_word' id='word_1_219' title='bbox 912 3388 976 3438; x_wconf 90' lang='lat' dir='ltr'>nat.</span> <span class='ocrx_word' id='word_1_220' title='bbox 1002 3397 1053 3440; x_wconf 89' lang='lat' dir='ltr'>an.</span> <span class='ocrx_word' id='word_1_221' title='bbox 1079 3376 1120 3451; x_wconf 90' lang='lat' dir='ltr'>V,</span> <span class='ocrx_word' id='word_1_222' title='bbox 1148 3393 1183 3438; x_wconf 87' lang='lat'>21</span> <span class='ocrx_word' id='word_1_223' title='bbox 1213 3377 1322 3440; x_wconf 90' lang='lat' dir='ltr'>uidere</span> 
     </span>
     <span class='ocr_line' id='line_1_29' title="bbox 255 3482 1321 3565; baseline 0 -20"><span class='ocrx_word' id='word_1_224' title='bbox 255 3482 338 3558; x_wconf 91' lang='lat' dir='ltr'>licet,</span> <span class='ocrx_word' id='word_1_225' title='bbox 375 3483 430 3546; x_wconf 92' lang='lat' dir='ltr'>ubi</span> <span class='ocrx_word' id='word_1_226' title='bbox 465 3485 580 3546; x_wconf 90' lang='lat' dir='ltr'>dicitur</span> <span class='ocrx_word' id='word_1_227' title='bbox 615 3503 701 3564; x_wconf 87' lang='lat' dir='ltr'>pauo</span> <span class='ocrx_word' id='word_1_228' title='bbox 735 3504 834 3565; x_wconf 93' lang='lat' dir='ltr'>quum</span> <span class='ocrx_word' id='word_1_229' title='bbox 859 3485 937 3546; x_wconf 89' lang='lat' dir='ltr'>satis</span> <span class='ocrx_word' id='word_1_230' title='bbox 961 3485 1042 3546; x_wconf 90' lang='lat' dir='ltr'>scire</span> <span class='ocrx_word' id='word_1_231' title='bbox 1065 3505 1101 3547; x_wconf 87' lang='lat' dir='ltr'>se</span> <span class='ocrx_word' id='word_1_232' title='bbox 1125 3485 1232 3549; x_wconf 90' lang='lat' dir='ltr'>auium</span> <span class='ocrx_word' id='word_1_233' title='bbox 1257 3484 1321 3565; x_wconf 89' lang='lat' dir='ltr'>pul·</span> 
     </span>
     <span class='ocr_line' id='line_1_30' title="bbox 255 3592 1322 3672; baseline 0.004 -20"><span class='ocrx_word' id='word_1_234' title='bbox 255 3592 448 3653; x_wconf 90' lang='lat' dir='ltr'>cherrimum</span> <span class='ocrx_word' id='word_1_235' title='bbox 473 3611 555 3665; x_wconf 88' lang='lat' dir='ltr'>esse,</span> <span class='ocrx_word' id='word_1_236' title='bbox 579 3602 648 3654; x_wconf 90' lang='lat' dir='ltr'>tum</span> <span class='ocrx_word' id='word_1_237' title='bbox 665 3593 754 3672; x_wconf 90' lang='lat' dir='ltr'>quod</span> <span class='ocrx_word' id='word_1_238' title='bbox 771 3593 975 3671; x_wconf 81' lang='lat' dir='ltr'>potissimum</span> <span class='ocrx_word' id='word_1_239' title='bbox 993 3594 1138 3672; x_wconf 88' lang='lat' dir='ltr'>corporis</span> <span class='ocrx_word' id='word_1_240' title='bbox 1155 3612 1322 3656; x_wconf 87' lang='lat' dir='ltr'>omamen·</span> 
     </span>
     <span class='ocr_line' id='line_1_31' title="bbox 255 3698 826 3780; baseline 0.004 -20"><span class='ocrx_word' id='word_1_241' title='bbox 255 3709 322 3761; x_wconf 87' lang='lat' dir='ltr'>tum</span> <span class='ocrx_word' id='word_1_242' title='bbox 348 3699 451 3762; x_wconf 83' lang='lat' dir='ltr'>forma</span> <span class='ocrx_word' id='word_1_243' title='bbox 475 3698 614 3762; x_wconf 86' lang='lat' dir='ltr'>excellat</span> <span class='ocrx_word' id='word_1_244' title='bbox 638 3698 826 3780; x_wconf 90' lang='lat' dir='ltr'>intelligere.</span> 
     </span>
    </p>

    <p class='ocr_par' dir='ltr' id='par_1_4' title="bbox 254 3805 1323 4219">
     <span class='ocr_line' id='line_1_32' title="bbox 362 3805 1320 3892; baseline 0.002 -25"><span class='ocrx_word' id='word_1_245' title='bbox 362 3805 521 3868; x_wconf 83' lang='lat' dir='ltr'>Fabulam</span> <span class='ocrx_word' id='word_1_246' title='bbox 560 3806 667 3870; x_wconf 91' lang='lat' dir='ltr'>Babrii</span> <span class='ocrx_word' id='word_1_247' title='bbox 706 3807 749 3885; x_wconf 87' lang='lat'>69</span> <span class='ocrx_word' id='word_1_248' title='bbox 788 3807 1036 3870; x_wconf 83' lang='lat' dir='ltr'>Rutherlordius</span> <span class='ocrx_word' id='word_1_249' title='bbox 1075 3807 1208 3892; x_wconf 83' lang='lat' dir='ltr'>(proleg.</span> <span class='ocrx_word' id='word_1_250' title='bbox 1246 3828 1320 3889; x_wconf 91' lang='lat' dir='ltr'>pag.</span> 
     </span>
     <span class='ocr_line' id='line_1_33' title="bbox 255 3912 1321 3998; baseline 0 -22"><span class='ocrx_word' id='word_1_251' title='bbox 255 3913 388 3994; x_wconf 87' lang='lat' dir='ltr'>XLVI),</span> <span class='ocrx_word' id='word_1_252' title='bbox 424 3915 476 3975; x_wconf 90' lang='lat' dir='ltr'>cui</span> <span class='ocrx_word' id='word_1_253' title='bbox 511 3912 642 3976; x_wconf 89' lang='lat' dir='ltr'>Crusius</span> <span class='ocrx_word' id='word_1_254' title='bbox 677 3914 739 3998; x_wconf 87' lang='lat' dir='ltr'>(ed.</span> <span class='ocrx_word' id='word_1_255' title='bbox 769 3935 845 3996; x_wconf 90' lang='lat' dir='ltr'>pag.</span> <span class='ocrx_word' id='word_1_256' title='bbox 882 3917 938 3995; x_wconf 87' lang='grc'>61)</span> <span class='ocrx_word' id='word_1_257' title='bbox 962 3935 1061 3996; x_wconf 90' lang='lat' dir='ltr'>quum</span> <span class='ocrx_word' id='word_1_258' title='bbox 1087 3917 1128 3978; x_wconf 90' lang='lat' dir='ltr'>de</span> <span class='ocrx_word' id='word_1_259' title='bbox 1152 3914 1321 3995; x_wconf 87' lang='lat' dir='ltr'>Aristoph.</span> 
     </span>
     <span class='ocr_line' id='line_1_34' title="bbox 255 4021 1323 4104; baseline -0.001 -20"><span class='ocrx_word' id='word_1_260' title='bbox 255 4021 337 4084; x_wconf 91' lang='lat' dir='ltr'>Ran.</span> <span class='ocrx_word' id='word_1_261' title='bbox 365 4037 425 4100; x_wconf 90' lang='lat'>192</span> <span class='ocrx_word' id='word_1_262' title='bbox 443 4031 584 4096; x_wconf 88' lang='lat' dir='ltr'>moneat,</span> <span class='ocrx_word' id='word_1_263' title='bbox 602 4023 750 4086; x_wconf 90' lang='lat' dir='ltr'>assentiri</span> <span class='ocrx_word' id='word_1_264' title='bbox 767 4025 903 4098; x_wconf 88' lang='lat' dir='ltr'>uidetur,</span> <span class='ocrx_word' id='word_1_265' title='bbox 921 4044 963 4085; x_wconf 88' lang='lat' dir='ltr'>ex</span> <span class='ocrx_word' id='word_1_266' title='bbox 981 4023 1155 4104; x_wconf 88' lang='lat' dir='ltr'>prouerbio</span> <span class='ocrx_word' id='word_1_267' title='bbox 1176 4021 1323 4102; x_wconf 80' lang='grc' dir='ltr'>»Λαγὼς</span> 
     </span>
     <span class='ocr_line' id='line_1_35' title="bbox 254 4128 1322 4219; baseline 0.002 -27"><span class='ocrx_word' id='word_1_268' title='bbox 254 4128 329 4219; x_wconf 81' lang='grc' dir='ltr'>περὶ</span> <span class='ocrx_word' id='word_1_269' title='bbox 367 4130 496 4210; x_wconf 79' lang='grc' dir='ltr'>κρεῶν»</span> <span class='ocrx_word' id='word_1_270' title='bbox 536 4141 639 4200; x_wconf 82' lang='lat' dir='ltr'>ortam</span> <span class='ocrx_word' id='word_1_271' title='bbox 676 4151 747 4195; x_wconf 88' lang='lat' dir='ltr'>esse</span> <span class='ocrx_word' id='word_1_272' title='bbox 782 4131 902 4206; x_wconf 83' lang='lat' dir='ltr'>docuit,</span> <span class='ocrx_word' id='word_1_273' title='bbox 940 4151 1044 4212; x_wconf 90' lang='lat' dir='ltr'>neque</span> <span class='ocrx_word' id='word_1_274' title='bbox 1080 4131 1215 4195; x_wconf 85' lang='lat' dir='ltr'>dubium</span> <span class='ocrx_word' id='word_1_275' title='bbox 1251 4151 1322 4196; x_wconf 85' lang='lat' dir='ltr'>esse</span> 
     </span>
    </p>
   </div>
   <div class='ocr_carea' id='block_1_3' title="bbox 0 0 1634 4882">
    <p class='ocr_par' dir='ltr' id='par_1_5' title="bbox 0 0 1634 4882">
     <span class='ocr_line' id='line_1_36' title="bbox 0 0 1634 4882; baseline 0 0"><span class='ocrx_word' id='word_1_276' title='bbox 0 0 1634 4882; x_wconf 95' lang='lat' dir='ltr'> </span> 
     </span>
    </p>
   </div>
  </div>
 </body>
</html>
