3244 4868
748 366 924 445 *15-

298 595 413 660 dubito
437 599 474 658 iis
499 598 573 660 uiris
597 597 702 659 doctis
726 598 881 672 assentiri,
907 600 962 679 qui
987 598 1087 659 uerba
1111 600 1152 659 de
1170 619 1256 659 nouo
1274 591 1364 660 sabu-

298 704 399 766 larum
424 703 506 766 libro
531 702 765 766 intellexerunt.
1327 688 1328 691 Ἴ

306 848 311 854 -
410 812 555 892 Tempus
590 813 672 874 iuter
706 811 806 874 libros
840 813 854 874 Ι
887 822 919 874 et
943 813 972 874 11
997 813 1102 876 editos
1127 813 1206 875 satis
1230 812 1362 894 longum

251 943 253 949 ·
298 920 512 980 intermissum
549 939 621 980 esse
657 917 788 981 Crusius
822 917 875 1004 (de
903 919 997 982 Babr.
1035 931 1096 982 aet.
1123 941 1197 1001 pag.
1226 922 1302 999 240)
1326 940 1364 981 ea

299 1027 502 1108 potissimum
533 1047 571 1087 re
594 1026 756 1089 adductus
780 1028 899 1102 statuit,
925 1029 1015 1109 quod
1040 1029 1226 1101 imitatores
1252 1029 1363 1108 quiin

299 1135 466 1214 prooemio
502 1134 530 1195 ΙΙ
566 1145 748 1215 carpuntur,
783 1154 823 1196 eo
859 1137 1016 1216 temporis
1048 1136 1157 1216 spatio
1181 1155 1282 1216 opera
1305 1155 1363 1197 sua

296 1243 574 1322 conscripsissent,
612 1261 719 1324 neque
753 1243 781 1304 ei
818 1243 1025 1305 coniecturae
1054 1243 1266 1305 resistendum
1291 1263 1363 1305 esse

296 1359 386 1431 puto.
435 1348 533 1430 Quod
569 1361 677 1412 autem
713 1351 788 1412 inde
825 1349 947 1432 colligit
971 1349 1086 1412 librum
1112 1350 1141 1411 ΙΙ
1166 1371 1233 1412 non
1256 1351 1361 1416 eidem

298 1476 457 1537 personae
492 1457 541 1518 cui
579 1454 693 1519 librum
719 1457 732 1518 1
756 1458 940 1520 dedicatum
966 1478 1038 1520 esse
1062 1477 1169 1538 posse,
1195 1459 1272 1520 mihi
1295 1477 1361 1520 non

296 1565 503 1645 perspexisse
540 1565 668 1626 uidetur
692 1565 724 1626 in
748 1566 916 1646 prooemio
941 1566 970 1627 ΙΙ
994 1564 1179 1647 alloquendi
1204 1567 1360 1628 rationem

294 1671 391 1753 longe
426 1671 520 1734 aliam
556 1691 628 1734 esse
653 1693 749 1753 quam
774 1674 805 1734 in
830 1674 999 1753 prooemio
1023 1673 1046 1735 Ι.
1095 1672 1195 1754 Quod
1220 1674 1304 1736 euim
1329 1674 1360 1734 in

294 1783 462 1861 prooemio
484 1781 513 1842 ΙΙ
537 1779 728 1861 discipulum
746 1779 796 1842 uel
813 1782 921 1862 potius
934 1783 1073 1843 amicum
1087 1801 1180 1843 suum
1200 1778 1361 1843 uuida:

293 1887 391 1949 filium
430 1887 609 1949 Alexandri
644 1889 729 1968 regis
764 1887 916 1969 appellat,
942 1889 974 1950 id
1006 1889 1048 1950 de
1072 1898 1179 1952 aetate
1202 1890 1283 1962 eius
1309 1891 1360 1951 c'ui

293 1995 408 2057 librum
433 1996 604 2070 dedicauit,
631 1995 706 2057 nihil
731 1994 837 2058 efficit.
879 1995 986 2076 Quum
1012 2007 1119 2060 autem
1145 1997 1176 2058 in
1190 1997 1360 2078 prooemio

293 2105 306 2164 1
342 2103 524 2165 Branchum
546 2101 667 2163 τέκνον
689 2113 795 2178 uocat,
821 2123 860 2164 eo
884 2105 957 2184 ipso
981 2105 1123 2166 ostendit
1146 2123 1181 2166 se
1205 2103 1321 2166 librum
1346 2103 1358 2164 Ι

293 2209 453 2290 discipulo
489 2212 544 2272 uix
569 2209 736 2272 infantiam
761 2230 892 2292 egresso
917 2213 1158 2293 conscripsisse.
1208 2211 1358 2274 Ceterum

292 2319 361 2398 ipse
394 2317 551 2385 ¹orationis
586 2328 679 2379 tenor
712 2338 843 2398 prorsus
878 2317 959 2380 alius
984 2320 1142 2400 prooemii
1167 2318 1180 2380 Ι
1205 2309 1357 2399 quamll

292 2425 460 2505 profertur.
502 2425 553 2508 'Vt
578 2445 658 2505 puer
682 2436 767 2488 recte
791 2425 992 2507 intelligeret,
1019 2427 1050 2487 in
1075 2428 1244 2507 prooemio
1261 2427 1357 2488 Iom-

293 2534 345 2594 nia
380 2531 519 2594 dilucide
542 2542 575 2594 et
598 2534 732 2614 copiose
755 2535 918 2614 exposuit.
967 2533 1014 2596 Vt
1037 2533 1190 2614 exempla
1214 2533 1356 2608 afferam,

291 2652 323 2701 et
358 2660 406 2714 ea,
443 2660 526 2720 quae
561 2640 603 2702 de
636 2650 742 2703 aetate
766 2661 864 2703 aurea
888 2662 969 2703 uers
1000 2652 1103 2720 14-13
1129 2639 1287 2720 leguntur,
1313 2635 1381 2702 ita*

291 2758 324 2810 ut
360 2749 474 2829 animo
504 2747 616 2829 puerili
641 2742 860 2822 conuenirent,
886 2750 1055 2823 enarrauit,
1081 2758 1113 2810 et
1137 2769 1178 2810 ex
1204 2769 1286 2811 uers.
1318 2765 1355 2826 14

290 2855 379 2916 -16
403 2854 620 2936 colligendum
646 2866 695 2918 est
718 2857 900 2919 Branchum
925 2857 1068 2919 nondum
1087 2856 1212 2937 Aesopi
1231 2855 1356 2918 fabulas

292 2964 456 3043 prosaicas
491 2965 696 3044 cognouisse.
744 2963 780 3026 In
811 2965 980 3045 prooemio
1005 2945 1111 3026 autem
1137 2964 1166 3025 ΙΙ
1190 2965 1354 3026 hominem

291 3081 398 3132 aetate
433 3081 466 3132 et
498 3071 613 3133 studiis
648 3073 711 3132 iam
755 3082 913 3133 maturum
950 3070 1118 3152 alloquens
1153 3091 1218 3133 non
1255 3073 1355 3134 modo

290 3195 356 3239 non
391 3199 410 3240 a
434 3181 532 3240 docta
556 3181 597 3240 de
622 3177 799 3241 fabularum
826 3179 954 3259 generis
977 3179 1111 3242 historia
1135 3179 1354 3260 disputatione

235 3280 238 3285 ’
289 3285 452 3360 abstinuit,
489 3287 547 3348 sed
583 3285 682 3348 multa
707 3287 803 3348 etiam
828 3307 886 3366 per
910 3285 1067 3366 ambages
1091 3285 1294 3367 significauit,
1320 3297 1355 3348 ut

288 3395 495 3455 statuendum
520 3395 561 3456 sit
584 3392 683 3456 filium
708 3392 894 3455 Alexandri¹
914 3395 1008 3474 regis
1034 3395 1086 3454 cui
1103 3395 1307 3474 prooemium
1325 3393 1353 3455 ΙΙ

269 3490 443 3581 'scriptum
476 3511 534 3576 est,
571 3503 603 3562 in
637 3499 750 3562 litteris
784 3493 862 3562 suae
886 3501 1001 3562 aetatis
1026 3499 1160 3562 multum
1191 3511 1352 3563 uersatum

289 3608 394 3670 fuisse.
438 3606 532 3690 Quae
555 3629 653 3690 quum
679 3610 722 3671 ita
746 3610 819 3682 sint,
845 3608 971 3670 etiamsi
995 3609 1198 3688 prooemium
1224 3608 1252 3669 ΙΙ
1278 3608 1353 3670 mul·

286 3717 336 3790 tis,
372 3727 405 3777 ut
440 3718 484 3778 ait
520 3715 660 3790 CrusiuS,
696 3717 789 3778 annis
824 3725 899 3796 post
934 3716 1136 3794 prooemium
1160 3714 1174 3776 Ι
1198 3717 1353 3798 scriptum

286 3842 357 3885 esse
381 3825 578 3885 censendum
604 3833 663 3897 est,
689 3823 765 3887 nihil
791 3821 942 3902 prohibet
966 3823 1167 3902 prooemium
1192 3823 1221 3885 ΙΙ
1247 3825 1351 3886 eidem
1388 3833 1389 3836 ’

286 3931 336 3991 cui
361 3931 374 3991 Ι
399 3930 558 4011 discipulo
583 3930 633 3992 uel
658 3930 782 3992 homiui
806 3927 953 3990 familiari
977 3930 1110 3991 missum
1135 3949 1216 3992 esse.

297 4079 308 4088 2
359 4099 360 4104 ,
398 4036 505 4119 Quum
543 4037 584 4099 de
621 4038 789 4118 prooemio
825 4035 895 4097 libri
921 4035 934 4096 Ι
959 4036 1138 4116 disputatio
1162 4049 1240 4112 erat,
1265 4039 1351 4100 uide·

286 4143 401 4204 bamus
425 4145 597 4206 uerisimile
621 4163 692 4204 esse
716 4143 869 4204 Babrium
896 4143 926 4203 id
953 4144 994 4204 ad
1019 4141 1206 4223 exemplum
1224 4145 1349 4226 prologi
