3260 4882
354 1043 425 1116 De
453 1043 604 1117 fabulis
633 1043 685 1116 ad
716 1042 892 1117 aliarum
922 1043 1237 1126 similitudinem
1260 1046 1423 1120 relictis.

468 1257 682 1318 Hausrathins
706 1278 806 1337 quum
830 1257 937 1320 locum
955 1258 1100 1322 Theonis
1117 1259 1181 1342 (W.
1201 1260 1223 1333 Ι,
1242 1281 1316 1340 pag.
1343 1264 1426 1340 178),
1506 1287 1546 1302 ν’

259 1359 284 1415 ss
361 1367 414 1445 qui
450 1375 499 1426 est
528 1365 569 1426 de
592 1367 793 1444 argumentis
817 1367 912 1427 nouis
936 1387 976 1427 ex
1001 1365 1132 1446 epilogo
1158 1369 1275 1430 ueteris
1299 1367 1427 1430 fabulae

361 1472 596 1553 protrahendis
637 1473 668 1533 in
705 1473 848 1534 medium
880 1474 1011 1553 protulit
1035 1473 1064 1557 (l.
1091 1473 1109 1535 l.
1136 1494 1210 1554 pag.
1238 1491 1274 1553 3ι
1283 1473 1322 1558 3),
1349 1496 1425 1550 rem,

360 1599 464 1661 quam·
491 1581 602 1660 niagni
638 1579 751 1642 secisse
786 1582 857 1661 ipse
893 1580 988 1642 Theo
1010 1582 1146 1656 uidetur,
1171 1602 1428 1646 commemorare

360 1689 477 1750 omisit
526 1687 628 1749 Recte
662 1689 788 1749 monuit
823 1689 993 1752 Theonem
1029 1691 1235 1770 praecepisse
1271 1699 1304 1751 ut
1336 1690 1426 1753 disci·

361 1795 426 1876 puli
465 1807 497 1857 et
534 1795 727 1858 sententiam
767 1795 951 1876 generalem
988 1817 1006 1857 e
1042 1794 1160 1858 fabula·
1183 1797 1371 1878 protrahere
1396 1809 1428 1860 et

360 1905 538 1966 sententiae
578 1902 720 1983 generali
759 1924 799 1964 eo
840 1905 949 1966 modo·
979 1915 1162 1984 protractae
1198 1907 1429 1969 conuenienter

360 2032 478 2074 nouam
504 2013 718 2074 narrationem
736 2012 923 2100 confingere
940 2013 1111 2074 discerent.
1142 2013 1178 2074 ld
1195 2034 1325 2094 quoque
1342 2023 1428 2076 recte
1477 2050 1481 2054 ·

362 2120 590 2182 animaduertit
615 2101 761 2194 iuuenes,¹
782 2141 880 2200 quum
904 2119 960 2180 tali
986 2121 1109 2182 ratione
1134 2137 1219 2182 noua
1236 2131 1428 2200 argumenta

360 2229 528 2308 tingerent,
555 2227 744 2308 plerumque
768 2248 810 2288 ex
834 2227 1016 2307 epimythio
1042 2229 1159 2289 ueteris
1177 2227 1305 2290 fabulae
1322 2249 1426 2310 egres-

237 2328 240 2336 ’
274 2355 277 2358 ·
323 2423 325 2426 Ι
360 2356 415 2397 sos
439 2355 519 2397 esse.
560 2335 596 2396 ln
621 2333 812 2396 collectione
836 2331 944 2396 Halm.
970 2334 1088 2396 multas
1111 2334 1237 2396 fabulas
1262 2356 1301 2398 eo
1326 2339 1426 2398 modo

360 2454 448 2505 ortas
482 2463 554 2504 esse
589 2443 731 2506 inuenire
768 2441 859 2505 lacile
891 2453 950 2517 est,
976 2454 1010 2504 ut
1036 2444 1093 2504 261
1123 2443 1209 2506 haud
1234 2444 1333 2506 dubie
1357 2456 1428 2506 orta

360 2563 409 2612 est
435 2573 479 2612 ex
504 2550 567 2612 lab.
594 2551 751 2631 Aesopea
776 2550 870 2612 Babr.
897 2563 935 2629 25
961 2575 1006 2608 z
1030 2551 1125 2613 Rom.
1149 2551 1190 2626 ll,
1216 2569 1236 2629 9
1260 2561 1293 2614 et
1317 2551 1425 2615 Halm.

366 2676 425 2737 134
464 2669 495 2720 et
536 2659 597 2736 362
639 2660 680 2720 ad
720 2657 888 2738 exemplar
927 2659 1035 2720 Babrii
1079 2671 1136 2738 113
1177 2659 1306 2721 refictae
1340 2671 1425 2722 sunt.

362 2766 464 2828 lllulto
491 2755 599 2828 tamen
624 2766 718 2827 latius
741 2765 825 2827 hanc
849 2767 1011 2829 scribendi
1036 2768 1193 2828 rationem
1219 2769 1364 2847 patuisse
1385 2789 1426 2830 ex

360 2874 467 2935 uerbis
500 2874 654 2948 Theonis
680 2860 763 2953 quae
787 2874 902 2934 eodem
929 2873 1002 2935 loco
1027 2873 1136 2949 habet,
1161 2874 1203 2935 ab
1227 2874 1426 2937 Hausrathio

360 2980 516 3061 neglectis
551 2992 583 3042 et
618 2981 799 3060 praeteritis
835 2981 929 3042 nobis
965 2979 1183 3062 colligendum
1220 2992 1278 3058 est,
1311 2959 1427 3064 quilius

360 3099 471 3152 monet
484 3089 592 3150 rhetor
606 3087 713 3168 plures
726 3087 874 3176 epilogos
887 3109 929 3150 cx
940 3087 1120 3150 unasabula
1129 3088 1198 3151 fieri
1212 3090 1269 3163 »ἐξ
1277 3089 1426 3152 ἑκάστου

360 3199 425 3260 τῶν
450 3198 486 3258 ἐν
509 3197 554 3278 τῷ
577 3194 673 3278 μύθῳ
697 3197 903 3278 πραγμάτων
925 3195 988 3273 τὰς
1012 3196 1173 3277 ἀφορμὰς
1192 3195 1285 3278 ἡμῶν
1301 3199 1426 3284 λαμβα-

358 3305 517 3368 norror».
544 3304 595 3365 Ex
612 3303 662 3365 his
678 3303 824 3366 Theonis
841 3305 948 3366 uerbis
964 3305 1195 3385 perspicuitate
1208 3305 1351 3367 maxima
1364 3304 1426 3366 elu-

360 3425 411 3475 cet
424 3433 489 3474 non
501 3433 541 3473 ex
553 3412 734 3493 epimythio
747 3410 817 3473 solo
830 3411 879 3474 uel
890 3413 1050 3474 sententia
1060 3411 1202 3492 generali
1213 3432 1231 3474 e
1242 3423 1311 3475 tota
1320 3411 1427 3474 fabula

361 3529 524 3600 protracta
561 3520 704 3582 rhetores
729 3532 851 3583 sectam
877 3519 1023 3583 Theonis
1046 3529 1185 3594 secutos,
1207 3530 1246 3582 ut
1271 3541 1356 3582 noua
1380 3541 1425 3582 ar-

361 3639 515 3706 gumenta
539 3629 727 3703 inuenirent‚
753 3630 864 3710 egredi
888 3629 1044 3709 potuisse,
1070 3629 1129 3689 sed
1154 3629 1250 3690 etiam
1275 3648 1317 3689 ex
1331 3628 1426 3691 rebus

360 3743 392 3794 et
424 3736 591 3796 sententiis
614 3736 750 3816 singulis
775 3738 892 3799 ueteris
917 3735 1049 3798 alicuius
1073 3736 1265 3798 narrationis
1289 3735 1350 3798 sibi
1374 3756 1426 3798 an·

359 3859 429 3902 sam
469 3842 510 3902 ad
550 3841 674 3904 fabulas
713 3843 883 3924 fingendas
917 3845 1103 3924 sumpsisse.
1152 3843 1249 3905 Vnde
1282 3845 1427 3925 sequitur

361 3946 487 4010 fabulas
522 3948 714 4030 multiplices
749 3962 781 4012 et
816 3952 920 4013 uarias
945 3952 1104 4013 adunius
1128 3961 1235 4014 certae
1259 3952 1425 4013 cuiusdam

361 4055 547 4137 exemplum
584 4056 661 4138 fingi
699 4059 851 4137 potuisse,
889 4068 987 4139 atque
1023 4079 1056 4120 re
1086 4079 1162 4120 uera
1185 4059 1337 4120 Babrium
1363 4058 1426 4119 hoc

360 4164 460 4231 modo
497 4164 627 4249 fecisse,
645 4165 770 4230 indiciis
803 4167 989 4253 perspicuis,
1015 4168 1123 4245 credo,
1150 4166 1278 4254 probari
1304 4175 1423 4251 potest.
