3244 4868
724 425 877 502 4-9-..

268 658 338 699 esse
374 649 471 718 atque
507 635 693 698 Alexandri
723 639 808 716 regis
841 636 938 698 filium
964 637 1120 718 prooemii
1146 637 1333 716 posterioris

268 746 463 808 Neumanno
488 745 569 806 Mus
596 744 699 808 Rhen.
726 745 853 806 XXXV
876 765 952 826 pag.
980 759 1037 824 301
1065 744 1247 806 concedere
1267 765 1332 808 non

267 850 412 936 possum)
447 851 627 915 fabularum
663 851 777 914 librum
813 852 985 927 dedicauit,
1023 861 1170 914 naturam
1203 850 1332 915 fabulae

268 958 443 1040 Aesopeae
467 961 600 1041 ingenio
624 978 796 1040 puerorum
820 957 907 1021 nullo
931 959 1032 1020 modo
1049 959 1331 1022 accommodatam

268 1065 420 1147 neglexit.
469 1066 543 1148 Qua
578 1069 609 1128 in
646 1087 679 1128 re
709 1077 817 1128 tamen
842 1065 936 1128 simili
962 1066 1183 1128 modoetiam
1208 1065 1333 1148 Quinti·

266 1172 370 1237 lianus
405 1175 506 1237 Instit.
543 1185 623 1237 orat.
660 1175 683 1248 I,
714 1192 745 1254 9,
772 1191 790 1236 2
815 1175 931 1236 errauit
955 1174 1036 1236 haec
1060 1174 1126 1236 fere
1150 1174 1334 1255 proferens:¹

270 1283 385 1361 »igitur
401 1281 527 1364 Aesopi
543 1265 788 1363 fabellas,quae
805 1281 922 1344 sabulis
938 1279 1166 1344 nutricularum
1183 1283 1332 1362 proxime

266 1389 453 1463 succedunt,
472 1409 601 1450 narrare
623 1439 733 1452 .....
751 1390 972 1452 condiscant.»
994 1388 1075 1450 Cum
1092 1390 1153 1450 hac
1170 1389 1276 1451 Rabrii
1291 1391 1332 1452 de

267 1495 382 1558 sabulis
410 1496 575 1578 Aesopeis
598 1499 759 1560 sententia
782 1497 815 1559 id
838 1517 970 1578 quoque
994 1498 1151 1578 congruit,
1177 1499 1265 1578 quod
1289 1499 1331 1560 ad

266 1612 406 1666 aetatem
441 1601 527 1666 illam
564 1623 705 1679 auream,
742 1606 773 1665 in
809 1624 874 1686 qua
898 1603 1057 1680 animalia,
1083 1605 1225 1680 arboreS,
1250 1625 1332 1668 saxa

195 1769 198 1773 Α
265 1711 430 1793 loquentia
467 1711 551 1787 lacit,
588 1711 713 1774 fabulas
748 1712 922 1794 Aesopeos
945 1711 1116 1788 transtulit,
1141 1714 1204 1775 hoc
1220 1713 1330 1789 modo,

265 1819 290 1880 si
327 1820 446 1881 iudicio
483 1814 656 1901 Hartungii
691 1819 710 1882 l.
747 1820 766 1883 l.
804 1841 879 1902 pag.
918 1837 953 1884 21
995 1822 1165 1896 credimus
1190 1829 1330 1882 aetatem

265 1924 349 1987 illam
387 1926 539 2007 puerilem
576 1927 772 2008 significans,
810 1929 841 1990 in
877 1947 941 2009 qua
976 1927 1127 1990 animalia
1162 1928 1329 1990 hominum

265 2032 379 2096 similia
408 2035 556 2096 sensibus
580 2044 613 2096 et
638 2033 843 2097 facultatibus
866 2055 978 2097 eorum
1002 2033 1158 2097 similibus
1183 2035 1331 2116 praedita

265 2159 336 2202 esse
371 2143 603 2204 existimamus.
651 2142 706 2206 Sin
744 2153 852 2204 autem
889 2142 1014 2204 fabulas
1049 2163 1123 2204 uere
1156 2142 1331 2224 Aesopeas

265 2248 373 2310 animo
409 2251 533 2312 intento
569 2248 808 2332 perlegerimus
835 2249 1016 2312 uidebimus
1039 2269 1149 2312 earum
1174 2269 1331 2330 personas

265 2375 298 2417 re
322 2377 398 2418 uera
422 2377 487 2419 non
511 2359 553 2420 ad
578 2369 716 2420 aetatem
742 2359 907 2439 quandam
931 2379 1071 2433 auream,
1096 2359 1154 2420 sed
1172 2360 1214 2419 ad
1231 2359 1329 2419 uitam

264 2465 486 2544 quotidianam
530 2464 700 2528 cuiuslibet
740 2468 855 2528 aetatis
895 2467 1064 2546 pertinere.
1122 2464 1330 2528 Animalibus

264 2573 360 2647 enim,
386 2592 471 2652 quae
494 2574 525 2633 in
551 2572 667 2635 fabulis
690 2575 892 2648 inducuntur,
917 2572 993 2634 nihil
1011 2572 1097 2634 aliud
1114 2593 1211 2654 quam
1228 2572 1329 2635 homi·

265 2699 341 2740 num
367 2699 474 2740 mores
497 2681 730 2761 exprimuntur.
780 2680 884 2742 Multo
906 2683 1002 2762 igitur
1018 2679 1132 2742 melius
1148 2690 1180 2741 et
1196 2689 1330 2742 naturae

264 2785 392 2848 fabulae
408 2787 584 2868 Aesopeae
600 2789 705 2869 magis
722 2789 952 2850 conuenienter
968 2788 1132 2850 Phaedrus
1145 2789 1176 2848 in
1190 2786 1329 2868 prologo

263 2893 277 2954 l
301 2893 428 2975 Aesopi
452 2896 629 2970 materiam,
655 2915 752 2976 quam
777 2896 864 2970 dicit,
890 2896 932 2957 ad
956 2916 1048 2957 suam
1068 2897 1168 2976 ipsius
1188 2905 1328 2957 aetatem

215 3001 423 3064 ¹'transtulit
455 3012 567 3083 aperte
591 3003 746 3082 profitens
770 3023 814 3077 se,
844 3004 888 3065 »si
913 3005 986 3084 quis
1009 3002 1197 3067 calumniari
1222 3001 1327 3078 uellet,

263 3111 352 3190 quod
376 3109 516 3184 arbores
542 3130 607 3171 non
632 3121 757 3172 tantum
782 3110 867 3172 serae
890 3111 1106 3192 loquerentur,
1131 3111 1214 3174 fictis
1230 3112 1329 3174 iocari

264 3215 408 3278 tabulis.»
459 3217 511 3279 Ex
536 3218 582 3294 iis,
609 3239 693 3300 quae
716 3218 822 3280 adhuc
839 3218 1026 3294 dictasunt,
1045 3219 1142 3280 credo
1159 3239 1326 3300 apparere,

262 3325 288 3385 si
335 3325 535 3402 corruptelas
575 3327 734 3399 codicum,
772 3325 813 3387 de
848 3327 964 3407 quibus
999 3325 1218 3388 consulendae
1253 3338 1329 3390 sunt

262 3433 423 3494 editiones
458 3432 560 3494 Crusii
596 3444 628 3494 et
656 3432 884 3508 Ruthersordii,
910 3435 1122 3510 omiserimus
1148 3437 1254 3516 ipsum
1272 3435 1332 3498 Ba·

262 3538 365 3601 brium
401 3539 489 3601 nullo
524 3551 655 3603 auctore
690 3541 776 3602 uiam
813 3551 1014 3603 monstrante
1048 3543 1080 3604 in
1115 3544 1284 3624 prooemio
1316 3543 1329 3604 I

263 3646 387 3709 fabulas
423 3647 596 3729 Aesopeas
631 3669 744 3730 parum
771 3648 904 3712 feliciter
927 3669 999 3712 curn
1024 3671 1120 3712 aurea
1145 3650 1197 3713 illa
1222 3661 1329 3713 aetate

262 3756 480 3819 coniunxisse.

370 3862 426 3925 Sin
462 3865 504 3924 ad
540 3875 655 3940 cetera,
681 3885 765 3946 quae
790 3868 958 3947 prooemio
984 3867 1090 3946 priore
1114 3867 1330 3942 continentur,¹

262 3971 525 4050 transgredimur,
563 3970 664 4034 multa
698 3983 731 4034 et
762 3973 803 4036 de
827 3971 908 4035 libro
934 3974 1078 4036 auctoris'
1097 3975 1198 4054 ipsius
1223 3975 1328 4056 priore

262 4087 294 4139 et
328 4078 369 4139 de
405 4080 598 4141 condicione
633 4079 833 4143 collectionis
868 4081 1054 4163 Aesopeae,
1080 4101 1143 4163 qua
1169 4101 1244 4144 usus
1268 4093 1329 4157 est,

262 4186 447 4254 testimonia
483 4187 570 4260 utilia
606 4209 645 4260 eo
679 4189 772 4260 nobis
798 4188 1008 4280 proferuntur.
1058 4189 1160 4260 Recte
1185 4189 1326 4270 Crusius,
