3260 4882
673 397 847 462 „79-.

223 595 317 658 nibus
357 594 517 660 Plutarchi
555 607 587 658 et
625 595 756 660 Aeliani
795 599 861 660 inte
896 617 931 660 se
966 599 1164 679 comparatis
1195 597 1290 661 euicit

195 779 198 788 ,
223 702 451 793 Wellmannus
471 704 627 789 (Hermae
643 704 763 780 XXVI,
782 725 857 786 pag.
879 704 1074 789 531-540).
1121 704 1164 769 A.
1181 705 1291 768 Brunk

221 809 322 895 (cuius
345 812 655 875 commentationem
679 822 805 876 tantum
829 833 871 874 ex
895 811 1151 893 encyclopaedia
1176 811 1288 894 Pauly·

223 919 405 982 Wissowae
443 920 467 994 I,
507 921 571 998 488
611 919 764 1003 cognoui)
800 921 921 1000 primus
956 921 1202 995 demonstrauit,
1240 940 1288 996 ea,

221 1046 306 1107 quae
340 1029 525 1090 communia
560 1026 683 1090 habent
711 1026 899 1090 Plutarchus
923 1036 957 1090 et
980 1026 1147 1102 Aelianus,
1172 1048 1215 1090 ex
1239 1048 1289 1090 ea·
1399 1048 1401 1052 ·

224 1134 299 1196 dem
339 1133 531 1198 collectione
571 1135 730 1198 dictorum
770 1144 803 1196 et
842 1134 998 1197 factorum
1030 1133 1288 1198 memorabilium

220 1240 363 1304 fluxisse.
409 1241 448 1304 In
471 1243 669 1324 argumentis
688 1242 783 1304 huius
799 1240 998 1305 collectionis
1014 1241 1122 1328 (quam
1140 1241 1285 1306 Alexan·

221 1349 270 1410 dri
304 1349 432 1430 Myndii
468 1348 566 1412 fuisse
590 1348 792 1412 Wellmanus
815 1348 834 1412 l.
864 1349 882 1412 l.
911 1369 986 1432 pag.
1015 1351 1076 1430 538
1093 1351 1289 1432 suspicatur)

222 1457 451 1537 conquirendis
485 1455 604 1520 multos
627 1457 724 1520 etiam
749 1458 923 1538 scriptores
947 1457 1138 1538 antiquioris
1161 1457 1288 1532 aetatiS,

224 1572 260 1625 ut
289 1562 511 1640 Aristotelem,
537 1565 772 1640 Democritum,
798 1563 939 1640 Ctesian,
965 1564 1196 1646 Chrysippum,
1221 1562 1289 1626 Cle-

220 1671 342 1734 anthen
359 1672 391 1734 in
408 1691 500 1734 usum
517 1670 653 1734 collatos
669 1693 742 1734 esse
758 1672 954 1754 comprobat
969 1670 1195 1734 Wellmannus
1211 1689 1287 1752 pag.

224 1792 296 1859 537.
344 1777 441 1841 Nullo
476 1779 572 1861 igitur
590 1837 592 1840 ,
608 1781 706 1848 modo
736 1781 852 1842 mirum
876 1780 978 1842 uideri
1001 1788 1112 1862 potest
1135 1777 1290 1842 nonnulla

220 1884 332 1950 talium
372 1897 636 1968 argumentorum
672 1888 770 1950 etiam
805 1888 838 1952 in
871 1886 1081 1952 collectiones
1116 1885 1290 1968 Aesopeas

222 1995 373 2075 antiquas
396 1995 572 2076 irrepsisse.
1005 2005 1008 2012 ’
1051 2007 1053 2012 “

328 2099 440 2165 Multis
467 2087 574 2165 autem
599 2101 680 2166 locis
703 2101 877 2166 Aelianum
902 2103 934 2166 iu
959 2102 1196 2164 narrationibus
1220 2121 1288 2182 per-

221 2209 367 2274 ficiendis
391 2221 424 2272 et
446 2208 650 2291 explicandis
675 2208 830 2290 Oppiano
851 2211 985 2291 propius
1001 2229 1099 2291 quam
1116 2209 1288 2274 Plutarcho

220 2317 377 2380 accedere
400 2318 486 2380 idem
511 2317 592 2380 uidit
608 2316 833 2382 Wellmannus
848 2317 868 2380 l.
886 2316 904 2380 l.
923 2337 998 2399 pag.
1020 2317 1180 2397 536-37.
1220 2317 1288 2380 Iam

220 2431 317 2488 antea
353 2423 445 2488 Felix
469 2423 625 2505 Rudolph
648 2425 681 2487 in
705 2425 989 2499 commentatione,
1014 2445 1111 2506 quam
1137 2425 1178 2488 de
1202 2422 1289 2486 Aeli·

222 2533 275 2594 ani
311 2531 432 2596 Variae
463 2532 629 2595 Historiae
665 2531 809 2596 sontibus
832 2532 1024 2612 conscripsit
1048 2530 1169 2616 (Leipz.
1194 2530 1288 2594 Stud.

122 2691 127 2699 .
220 2639 293 2714 Vll,
329 2639 406 2722 pag.
448 2637 529 2723 136),
566 2641 691 2702 uiderat
726 2639 816 2702 locos
840 2638 970 2702 Aeliani
994 2648 1027 2701 et
1051 2637 1196 2720 Oppiani
1220 2657 1288 2720 per·

221 2745 340 2809 multos
372 2748 456 2810 inter
490 2767 525 2809 se
560 2749 801 2811 consentientes
833 2747 1016 2815 exeodem
1041 2745 1130 2809 fonte
1154 2745 1289 2808 haustos

221 2873 303 2916 esse,
351 2855 422 2924 Iure
457 2855 694 2930 animaduertit,
726 2864 761 2917 ut
783 2855 886 2935 ipsius
910 2865 981 2916 utar
1004 2853 1122 2930 uerbiS,
1151 2863 1288 2918 »utrum-

219 2981 283 3042 que
318 2964 458 3024 euadere
493 2961 749 3043 compilatorem,
785 2960 959 3024 Aelianum
991 2960 1114 3024 fontem
1138 2981 1232 3024 suum
1256 2961 1289 3024 in

220 3065 401 3132 orationem
425 3070 636 3152 sophisticam
661 3080 795 3145 uertere,
819 3070 853 3131 in
876 3070 1039 3150 po'eticam
1065 3067 1284 3149 Oppianum.»

219 3175 254 3240 Si
289 3187 398 3242 autem
422 3197 498 3240 uere
518 3177 696 3258 disputauit
712 3175 938 3240 Wellmannus
954 3175 1128 3242 Aelianum
1145 3174 1287 3238 Alexan-

219 3283 278 3346 dro
314 3284 462 3366 Myndi0,
487 3305 584 3366 quem
608 3295 799 3365 argumenta
822 3304 840 3346 e
863 3285 992 3365 scriptis
1016 3293 1184 3346 auctorum
1209 3284 1287 3346 anti·

219 3393 367 3473 quiorum
403 3412 534 3474 quoque
569 3393 724 3474 petiuisse
756 3393 842 3454 idem
876 3393 924 3454 uir
956 3392 1072 3455 doctus
1096 3389 1287 3471 comproba-

218 3499 273 3574 uit,
289 3519 349 3580 pro
360 3499 449 3562 sonte
460 3498 629 3580 principali
637 3519 730 3562 usum
742 3519 823 3575 esse,
837 3500 980 3580 sequitur
990 3500 1087 3561 etiam
1098 3497 1287 3580 Oppianum

218 3607 358 3670 eundem
393 3608 426 3670 in
461 3627 555 3669 usum
585 3608 794 3670 conuertisse.
841 3607 888 3669 Vt
911 3607 1044 3669 tandem
1068 3607 1110 3668 ad
1134 3605 1287 3668 Babrium

222 3725 366 3778 nostrum
399 3714 579 3790 redeamus,
604 3715 631 3778 is
655 3716 786 3797 quidem
810 3714 897 3776 haud
923 3733 1026 3795 pauca
1050 3712 1173 3794 profert
1196 3733 1288 3795 argu·

219 3832 339 3898 menta,
380 3843 465 3905 quae
502 3824 589 3903 apud
624 3821 799 3886 Aelianum
833 3832 865 3884 et
901 3819 1090 3902 Oppianum
1126 3819 1286 3902 leguntur,

217 3949 277 3992 nec
314 3931 442 4006 desunt,
479 3950 564 4012 quae
600 3931 696 3992 etiam
732 3931 820 4012 apud
855 3929 1061 3992 Plutarchum
1097 3938 1128 4008 et
1152 3927 1286 3992 Plinium

220 4037 433 4115 inueniantur,
458 4049 494 4100 ut
517 4048 674 4119 appareat
698 4039 797 4101 etiam
821 4037 944 4100 sontem
965 4036 1074 4099 Babtii
1090 4056 1163 4099 cum
1180 4055 1288 4098 exem·

225 4143 369 4228 pleribus
393 4144 624 4228 compilatoris,
649 4167 745 4228 quem
769 4146 819 4208 his
834 4144 1020 4208 auctoribus
1036 4143 1169 4208 subesse
1185 4143 1287 4225 suspi-
