3260 4882
784 381 983 450 -128-

349 599 397 663 Vt
419 610 526 662 autem
553 601 634 662 inter
657 602 743 662 uiros
766 603 883 666 doctos
907 609 1036 662 constat
1059 600 1212 663 Babrium
1237 600 1417 681 prouerbiis

349 699 391 770 ad
426 707 553 770 fabulas
588 708 835 788 componendas
872 727 964 770 usum
996 727 1077 782 esse,
1102 709 1146 770 ita
1170 721 1268 789 quem
1293 707 1416 772 sontem

348 815 531 878 adhibuerit
549 817 749 897 'inuestigare
771 814 873 878 multo
897 835 995 896 quam
1019 817 1061 877 de
1084 815 1232 878 Phaedro
1256 814 1417 884 difficilius

348 933 407 986 est.
447 925 515 986 lam
540 925 650 986 monui
674 923 822 1012 Crusium
847 933 934 986 recte
954 923 1074 986 uidisse
1090 923 1242 986 Babrium
1259 923 1292 984 in
1308 931 1416 1003 poste·

348 1032 431 1094 tiore
465 1051 525 1095 suo
560 1031 641 1094 libro
674 1032 793 1094 eodem
817 1029 996 1094 fabularum
1020 1040 1053 1094 et
1076 1029 1301 1111 exemplomm
1325 1029 1415 1100 fonte

348 1151 445 1221 atque
468 1140 638 1201 Theonem
659 1159 754 1202 usum
779 1158 860 1213 esse,
886 1158 949 1219 qua
972 1138 1005 1200 in
1029 1157 1063 1200 re
1086 1147 1195 1200 tamen
1221 1136 1349 1202 fabulae
1372 1138 1414 1200 ad

348 1247 520 1328 prouerbia
533 1247 740 1326 compositae¹
749 1246 932 1308 necessario
945 1245 1159 1325 excipiendae
1172 1265 1245 1309 esse
1255 1246 1413 1320 uidentur,

346 1374 445 1435 quum
469 1373 578 1415 earum
604 1353 810 1424 mentionem
827 1352 946 1416 nullam
971 1351 1082 1415 fecerit
1105 1353 1210 1416 Theo,
1247 1352 1364 1434 Neque
1380 1371 1414 1414 re

346 1481 423 1534 uera
457 1462 540 1523 inter
574 1460 661 1522 uiros
684 1461 802 1522 doctos
824 1461 903 1522 satis
926 1468 1055 1524 constat
1078 1470 1243 1522 auctorem
1268 1469 1412 1522 nostmm

346 1568 519 1649 prouerbia
542 1567 604 1630 sibi
627 1587 646 1629 e
670 1566 753 1630 libro
776 1567 963 1647 sumpsisse.
1003 1567 1039 1628 ln
1057 1567 1260 1648 praefatione
1276 1566 1363 1652 (pag.
1383 1565 1413 1650 3)

345 1676 567 1737 commentarii
604 1674 696 1750 illius,
728 1695 825 1756 quem
850 1673 980 1738 Cmsius
1004 1674 1045 1736 ad
1074 1673 1252 1742 »Plutarchi
1275 1675 1317 1736 de
1341 1695 1414 1755 pro·

344 1783 463 1846 uerbiis
497 1781 796 1846 Alexandrinorum
831 1781 991 1846 libellum»
1026 1783 1228 1864 conseripsit,
1253 1783 1350 1848 uideo
1375 1781 1411 1846 C.

343 1890 625 1952 Krumbacherum
650 1891 692 1952 de
715 1911 755 1952 ea
778 1892 849 1970 ipsa
872 1910 907 1951 re
930 1889 1079 1952 dubitare
1102 1889 1260 1952 fuerintne
1283 1891 1316 1952 in
1333 1891 1412 1952 anti·

343 1999 467 2079 quitate
506 1999 750 2078 prouerbiorum
785 1996 1004 2072 collectiones,
1041 2017 1138 2078 quarn
1174 1995 1412 2061 dubitationem

342 2114 452 2167 tamen
486 2125 619 2167 omnem
655 2106 750 2168 nobis
784 2103 912 2167 sustulit
947 2104 1078 2168 Crusius
1112 2114 1145 2167 et
1179 2105 1221 2167 de
1251 2103 1333 2168 libro
1357 2103 1412 2167 illo

342 2211 501 2274 Plutarchi
525 2214 657 2275 nomine
680 2211 808 2293 prolato
832 2231 1094 2274 commemorans
1116 2221 1150 2274 et
1168 2212 1211 2274 de
1226 2210 1315 2287 loeis,
1337 2213 1411 2274 »ubi

342 2319 492 2382 dubitant
515 2321 718 2400 grammatici
741 2319 877 2382 uerbum
901 2319 1033 2401 aliquod
1059 2321 1088 2380 εἰ
1103 2319 1198 2399 παρά
1213 2340 1274 2382 τινι
1290 2320 1411 2382 inueni-

341 2437 422 2501 atur,
460 2428 497 2488 ἐν
532 2425 572 2488 δὲ
603 2425 766 2510 παροιμίᾳ
790 2447 861 2490 esse
884 2427 1110 2489 confirmant».
1158 2427 1286 2490 Deinde
1310 2447 1410 2509 quum

341 2532 523 2614 prouerbia,
549 2555 633 2616 quae
657 2536 687 2597 in
713 2533 822 2596 libello
845 2533 1005 2598 Plutarchi
1021 2533 1181 2616 leguntur,
1198 2534 1287 2598 haud
1303 2554 1410 2616 pauca

340 2642 430 2721 apud
469 2641 659 2717 Zenobium,
696 2642 947 2723 Diogenianum‚
984 2642 1065 2704 alios
1099 2651 1274 2717 recurrant,
1309 2662 1409 2723 opera

341 2748 709 2829 paroemiographorum
755 2770 885 2830 quoque
925 2751 1008 2812 sicut
1046 2749 1262 2814 fabulatorum
1302 2749 1410 2812 multis

340 2856 447 2918 modis
471 2857 553 2918 inter
575 2876 611 2918 se
635 2856 820 2919 cohaesisse
844 2859 1002 2920 uidentur.
1042 2857 1084 2920 Vr
1104 2856 1292 2938 exemplum
1309 2877 1407 2921 unum

340 2965 404 3025 iarn
439 2963 502 3025 hoe
537 2962 610 3024 loco
645 2963 789 3040 afferam,
826 2965 1043 3046 prouerbium,
1075 2967 1163 3046 quod
1188 2965 1323 3030 Phaedr.
1348 2965 1406 3040 IV,

341 3087 383 3148 24
418 3070 539 3146 subest,
576 3074 731 3154 quodque
755 3073 904 3135 Havetus
927 3074 1016 3152 apud
1039 3072 1249 3137 Athenaeum
1272 3072 1362 3147 XIV,
1386 3073 1408 3134 6

339 3179 470 3253 inuenit,
506 3179 603 3240 etiam
639 3183 671 3243 in
707 3179 815 3244 libello
850 3179 1009 3242 Plutarchi
1044 3201 1064 3242 a
1087 3179 1201 3243 Crusio
1225 3179 1315 3242 edito
1339 3179 1408 3264 (47)

339 3282 463 3365 legitur.
511 3287 573 3348 His
596 3288 818 3369 similibusque
841 3298 1026 3349 commotus
1049 3286 1163 3350 Cmsio
1184 3287 1204 3350 l.
1222 3287 1241 3350 l.
1258 3288 1407 3350 assentiri

339 3412 405 3454 non
440 3413 574 3473 possum
610 3397 729 3458 dicenti
765 3405 929 3457 auctorem
965 3392 1063 3456 libelli
1097 3393 1180 3457 illius
1214 3405 1408 3476 argumenta

342 3519 402 3561 »ex
420 3501 492 3581 ipso
509 3501 724 3565 Alexandrini
741 3499 854 3583 populi
867 3522 922 3563 ore
935 3502 1137 3582 excepisse»,
1152 3521 1258 3582 neque
1270 3502 1405 3564 dubium

338 3607 416 3668 mihi
439 3610 567 3671 uidetur
590 3631 661 3672 esse
684 3611 762 3691 quin
786 3608 893 3670 ethic
917 3618 950 3671 et
972 3607 1043 3670 libri
1067 3608 1203 3672 Zenobii
1229 3620 1262 3672 et
1287 3609 1406 3689 Dioge

339 3715 426 3777 niani
450 3717 492 3778 ad
516 3718 623 3780 studia
646 3718 863 3798 sophistarum
889 3717 1080 3796 pertineant.
1129 3715 1273 3780 Fabulae
1297 3716 1405 3780 Babri·

338 3839 420 3884 anae
454 3845 586 3905 quoque
619 3846 718 3906 quum
753 3824 840 3885 haud
873 3844 945 3885 raro
969 3833 1098 3886 etcum
1122 3825 1201 3904 ipsis
1225 3823 1405 3905 prouerbiis

338 3941 370 3991 et
404 3951 477 3994 curn
514 3931 625 3994 eorum
659 3931 954 4012 explanationibus,
979 3951 1063 4012 quae
1087 3941 1258 3994 occurrunt
1281 3933 1314 3994 in
1337 3929 1404 3992 Plu·

337 4037 439 4099 tarchi
462 4039 504 4100 de
529 4039 709 4119 prouerbiis
726 4037 1025 4102 Alexandrinorum
1042 4038 1133 4114 libro,
1151 4040 1196 4102 ita
1212 4048 1402 4119 congruant,

337 4157 371 4206 ut
405 4167 538 4209 necesse
561 4148 602 4208 sit
627 4147 799 4226 prouerbia
823 4157 855 4208 et
881 4146 1007 4209 fabulae
1031 4147 1173 4228 quodam
1198 4148 1298 4209 modo
1322 4147 1404 4207 inter
