<?xml version="1.0" encoding="UTF-8"?>
<!DOCTYPE html PUBLIC "-//W3C//DTD XHTML 1.0 Transitional//EN"
    "http://www.w3.org/TR/xhtml1/DTD/xhtml1-transitional.dtd">
<html xmlns="http://www.w3.org/1999/xhtml" xml:lang="en" lang="en">
 <head>
  <title>
</title>
<meta http-equiv="Content-Type" content="text/html;charset=utf-8" />
  <meta name='ocr-system' content='tesseract 3.04.00' />
  <meta name='ocr-capabilities' content='ocr_page ocr_carea ocr_par ocr_line ocrx_word'/>
</head>
<body>
  <div class='ocr_page' id='page_1' title='image "./stvdiadefontibv00chrigoog_0073.png"; bbox 0 0 3244 4868; ppageno 0'>
   <div class='ocr_carea' id='block_1_1' title="bbox 657 384 834 467">
    <p class='ocr_par' dir='ltr' id='par_1_1' title="bbox 657 384 834 467">
     <span class='ocr_line' id='line_1_1' title="bbox 657 384 834 467; baseline 0 -33"><span class='ocrx_word' id='word_1_1' title='bbox 657 384 834 467; x_wconf 56' lang='lat'><strong>*63*</strong></span> 
     </span>
    </p>
   </div>
   <div class='ocr_carea' id='block_1_2' title="bbox 212 597 1279 1222">
    <p class='ocr_par' dir='ltr' id='par_1_2' title="bbox 212 597 1279 796">
     <span class='ocr_line' id='line_1_2' title="bbox 212 597 1279 686; baseline -0.005 -20"><span class='ocrx_word' id='word_1_2' title='bbox 212 603 311 668; x_wconf 68' lang='lat' dir='ltr'><strong>Poeta</strong></span> <span class='ocrx_word' id='word_1_3' title='bbox 336 603 507 684; x_wconf 82' lang='lat' dir='ltr'><strong>fragmenti</strong></span> <span class='ocrx_word' id='word_1_4' title='bbox 528 601 682 683; x_wconf 77' lang='lat' dir='ltr'><strong>&#39;dactylici</strong></span> <span class='ocrx_word' id='word_1_5' title='bbox 710 615 724 681; x_wconf 85' lang='lat'>5</span> <span class='ocrx_word' id='word_1_6' title='bbox 751 602 890 664; x_wconf 89' lang='lat' dir='ltr'><strong>eandem</strong></span> <span class='ocrx_word' id='word_1_7' title='bbox 908 601 1056 664; x_wconf 87' lang='lat' dir='ltr'><strong>exhibet:</strong></span> <span class='ocrx_word' id='word_1_8' title='bbox 1085 597 1146 678; x_wconf 82' lang='grc' dir='ltr'><strong>Ἐς</strong></span> <span class='ocrx_word' id='word_1_9' title='bbox 1164 597 1279 686; x_wconf 81' lang='grc' dir='ltr'>βίοτον</span> 
     </span>
     <span class='ocr_line' id='line_1_3' title="bbox 212 707 892 796; baseline -0.006 -22"><span class='ocrx_word' id='word_1_10' title='bbox 212 709 378 788; x_wconf 81' lang='grc' dir='ltr'>κοινωνὸς</span> <span class='ocrx_word' id='word_1_11' title='bbox 401 707 470 792; x_wconf 77' lang='grc' dir='ltr'><strong>ὄνῳ</strong></span> <span class='ocrx_word' id='word_1_12' title='bbox 493 708 599 790; x_wconf 80' lang='grc' dir='ltr'>γένετ’</span> <span class='ocrx_word' id='word_1_13' title='bbox 626 708 809 796; x_wconf 81' lang='grc' dir='ltr'>ὠμοβόρος</span> <span class='ocrx_word' id='word_1_14' title='bbox 831 708 892 786; x_wconf 78' lang='grc' dir='ltr'><strong>λίς.</strong></span> 
     </span>
    </p>

    <p class='ocr_par' dir='ltr' id='par_1_3' title="bbox 214 815 1278 1114">
     <span class='ocr_line' id='line_1_4' title="bbox 319 815 1278 906; baseline -0.002 -26"><span class='ocrx_word' id='word_1_15' title='bbox 319 817 420 900; x_wconf 84' lang='lat' dir='ltr'><strong>Quod</strong></span> <span class='ocrx_word' id='word_1_16' title='bbox 455 819 497 880; x_wconf 87' lang='lat' dir='ltr'><strong>ad</strong></span> <span class='ocrx_word' id='word_1_17' title='bbox 532 825 635 880; x_wconf 91' lang='lat' dir='ltr'><strong>totam</strong></span> <span class='ocrx_word' id='word_1_18' title='bbox 662 818 801 906; x_wconf 83' lang='lat' dir='ltr'>phrasin</span> <span class='ocrx_word' id='word_1_19' title='bbox 829 815 1031 902; x_wconf 82' lang='grc' dir='ltr'>»ὠμοβόρος</span> <span class='ocrx_word' id='word_1_20' title='bbox 1052 815 1123 894; x_wconf 74' lang='grc' dir='ltr'><strong>λίς»</strong></span> <span class='ocrx_word' id='word_1_21' title='bbox 1151 817 1278 894; x_wconf 85' lang='lat' dir='ltr'><strong>attinet,</strong></span> 
     </span>
     <span class='ocr_line' id='line_1_5' title="bbox 214 921 1277 1006; baseline -0.003 -17"><span class='ocrx_word' id='word_1_22' title='bbox 214 925 308 989; x_wconf 89' lang='lat' dir='ltr'><strong>uelim</strong></span> <span class='ocrx_word' id='word_1_23' title='bbox 321 925 469 988; x_wconf 82' lang='lat' dir='ltr'><strong>conferas</strong></span> <span class='ocrx_word' id='word_1_24' title='bbox 482 923 515 987; x_wconf 81' lang='grc' dir='ltr'><strong>ΙΙ.</strong></span> <span class='ocrx_word' id='word_1_25' title='bbox 530 923 603 1001; x_wconf 86' lang='lat' dir='ltr'><strong>XV,</strong></span> <span class='ocrx_word' id='word_1_26' title='bbox 622 938 697 1003; x_wconf 86' lang='lat'>592:</span> <span class='ocrx_word' id='word_1_27' title='bbox 714 922 865 987; x_wconf 81' lang='grc' dir='ltr'><strong>λείουσιν</strong></span> <span class='ocrx_word' id='word_1_28' title='bbox 879 921 1031 1000; x_wconf 82' lang='grc' dir='ltr'>ἐοικότες</span> <span class='ocrx_word' id='word_1_29' title='bbox 1044 923 1277 1006; x_wconf 81' lang='grc' dir='ltr'>ὠμοφάγουσι.</span> 
     </span>
     <span class='ocr_line' id='line_1_6' title="bbox 223 1030 1177 1114; baseline 0 -20"><span class='ocrx_word' id='word_1_30' title='bbox 223 1059 227 1066; x_wconf 90' lang='lat'>·</span> <span class='ocrx_word' id='word_1_31' title='bbox 321 1033 357 1096; x_wconf 92' lang='lat' dir='ltr'><strong>In</strong></span> <span class='ocrx_word' id='word_1_32' title='bbox 381 1032 554 1114; x_wconf 85' lang='lat' dir='ltr'><strong>fragmenti</strong></span> <span class='ocrx_word' id='word_1_33' title='bbox 577 1049 598 1111; x_wconf 89' lang='lat'>9</span> <span class='ocrx_word' id='word_1_34' title='bbox 622 1051 734 1094; x_wconf 89' lang='lat' dir='ltr'><strong>uersu</strong></span> <span class='ocrx_word' id='word_1_35' title='bbox 728 1046 757 1110; x_wconf 86' lang='lat'>5</span> <span class='ocrx_word' id='word_1_36' title='bbox 784 1031 865 1094; x_wconf 90' lang='lat' dir='ltr'><strong>haec</strong></span> <span class='ocrx_word' id='word_1_37' title='bbox 889 1030 1040 1112; x_wconf 85' lang='lat' dir='ltr'><strong>leguntur</strong></span> <span class='ocrx_word' id='word_1_38' title='bbox 1062 1031 1177 1094; x_wconf 87' lang='lat' dir='ltr'><strong>uerba:</strong></span> 
     </span>
    </p>

    <p class='ocr_par' dir='ltr' id='par_1_4' title="bbox 368 1137 1149 1222">
     <span class='ocr_line' id='line_1_7' title="bbox 368 1137 1149 1222; baseline -0.001 -20"><span class='ocrx_word' id='word_1_39' title='bbox 368 1137 508 1220; x_wconf 75' lang='grc' dir='ltr'>κέρδεσι</span> <span class='ocrx_word' id='word_1_40' title='bbox 531 1140 732 1220; x_wconf 69' lang='grc' dir='ltr'>φηλωθεῑσα</span> <span class='ocrx_word' id='word_1_41' title='bbox 754 1137 820 1219; x_wconf 67' lang='grc' dir='ltr'><strong>θοὴ</strong></span> <span class='ocrx_word' id='word_1_42' title='bbox 844 1138 959 1222; x_wconf 81' lang='grc' dir='ltr'>κεμάς</span> <span class='ocrx_word' id='word_1_43' title='bbox 977 1189 1149 1201; x_wconf 91' lang='grc'>......</span> 
     </span>
    </p>
   </div>
   <div class='ocr_carea' id='block_1_3' title="bbox 115 1245 1280 1340">
    <p class='ocr_par' dir='ltr' id='par_1_5' title="bbox 115 1245 1280 1340">
     <span class='ocr_line' id='line_1_8' title="bbox 115 1245 1280 1340; baseline 0.001 -33"><span class='ocrx_word' id='word_1_44' title='bbox 115 1246 117 1250; x_wconf 82' lang='grc'><strong>’</strong></span> <span class='ocrx_word' id='word_1_45' title='bbox 223 1245 398 1328; x_wconf 70' lang='grc' dir='ltr'>»κέρδεσιν</span> <span class='ocrx_word' id='word_1_46' title='bbox 437 1267 553 1310; x_wconf 93' lang='lat' dir='ltr'><strong>uocem</strong></span> <span class='ocrx_word' id='word_1_47' title='bbox 588 1247 829 1340; x_wconf 85' lang='lat' dir='ltr'><strong>Lachmannus,</strong></span> <span class='ocrx_word' id='word_1_48' title='bbox 868 1256 901 1309; x_wconf 92' lang='lat' dir='ltr'><strong>ut</strong></span> <span class='ocrx_word' id='word_1_49' title='bbox 924 1248 956 1308; x_wconf 91' lang='lat' dir='ltr'><strong>in</strong></span> <span class='ocrx_word' id='word_1_50' title='bbox 981 1245 1072 1309; x_wconf 74' lang='lat' dir='ltr'><strong>Crus</strong></span> <span class='ocrx_word' id='word_1_51' title='bbox 1098 1245 1178 1328; x_wconf 89' lang='lat' dir='ltr'><strong>prol.</strong></span> <span class='ocrx_word' id='word_1_52' title='bbox 1204 1266 1280 1327; x_wconf 87' lang='lat' dir='ltr'><strong>pag.</strong></span> 
     </span>
    </p>
   </div>
   <div class='ocr_carea' id='block_1_4' title="bbox 206 1350 1356 4123">
    <p class='ocr_par' dir='ltr' id='par_1_6' title="bbox 206 1350 1333 3481">
     <span class='ocr_line' id='line_1_9' title="bbox 214 1350 1280 1435; baseline -0.002 -17"><span class='ocrx_word' id='word_1_53' title='bbox 214 1355 289 1419; x_wconf 92' lang='lat' dir='ltr'><strong>XCI</strong></span> <span class='ocrx_word' id='word_1_54' title='bbox 324 1356 465 1430; x_wconf 75' lang='lat' dir='ltr'><strong>inuento,</strong></span> <span class='ocrx_word' id='word_1_55' title='bbox 490 1354 578 1417; x_wconf 93' lang='lat' dir='ltr'><strong>haud</strong></span> <span class='ocrx_word' id='word_1_56' title='bbox 603 1365 689 1418; x_wconf 89' lang='lat' dir='ltr'><strong>recte</strong></span> <span class='ocrx_word' id='word_1_57' title='bbox 712 1355 744 1418; x_wconf 94' lang='lat' dir='ltr'><strong>in</strong></span> <span class='ocrx_word' id='word_1_58' title='bbox 773 1350 928 1434; x_wconf 70' lang='grc' dir='ltr'>»κερδοίν</span> <span class='ocrx_word' id='word_1_59' title='bbox 957 1355 1102 1428; x_wconf 87' lang='lat' dir='ltr'><strong>mutauit,</strong></span> <span class='ocrx_word' id='word_1_60' title='bbox 1126 1355 1280 1435; x_wconf 82' lang='lat' dir='ltr'><strong>quoniam</strong></span> 
     </span>
     <span class='ocr_line' id='line_1_10' title="bbox 215 1459 1282 1542; baseline -0.004 -16"><span class='ocrx_word' id='word_1_61' title='bbox 215 1484 281 1526; x_wconf 95' lang='lat' dir='ltr'><strong>non</strong></span> <span class='ocrx_word' id='word_1_62' title='bbox 306 1464 386 1526; x_wconf 90' lang='lat' dir='ltr'><strong>uidit</strong></span> <span class='ocrx_word' id='word_1_63' title='bbox 412 1459 610 1541; x_wconf 73' lang='grc' dir='ltr'>»νκέρδεσιν</span> <span class='ocrx_word' id='word_1_64' title='bbox 639 1463 818 1525; x_wconf 87' lang='lat' dir='ltr'><strong>imitatione</strong></span> <span class='ocrx_word' id='word_1_65' title='bbox 840 1461 1026 1524; x_wconf 88' lang='lat' dir='ltr'><strong>Hesiodeae</strong></span> <span class='ocrx_word' id='word_1_66' title='bbox 1042 1461 1194 1524; x_wconf 91' lang='lat' dir='ltr'><strong>dictionis</strong></span> <span class='ocrx_word' id='word_1_67' title='bbox 1211 1481 1282 1542; x_wconf 93' lang='lat' dir='ltr'><strong>pro·</strong></span> 
     </span>
     <span class='ocr_line' id='line_1_11' title="bbox 215 1565 1278 1648; baseline -0.008 -14"><span class='ocrx_word' id='word_1_68' title='bbox 215 1571 296 1634; x_wconf 85' lang='lat' dir='ltr'><strong>serti.</strong></span> <span class='ocrx_word' id='word_1_69' title='bbox 333 1571 435 1634; x_wconf 87' lang='lat' dir='ltr'><strong>Recte</strong></span> <span class='ocrx_word' id='word_1_70' title='bbox 450 1571 536 1634; x_wconf 89' lang='lat' dir='ltr'><strong>enim</strong></span> <span class='ocrx_word' id='word_1_71' title='bbox 553 1581 665 1632; x_wconf 91' lang='lat' dir='ltr'><strong>monet</strong></span> <span class='ocrx_word' id='word_1_72' title='bbox 682 1569 813 1632; x_wconf 88' lang='lat' dir='ltr'><strong>Crusius</strong></span> <span class='ocrx_word' id='word_1_73' title='bbox 829 1571 848 1630; x_wconf 93' lang='lat' dir='ltr'><strong>l.</strong></span> <span class='ocrx_word' id='word_1_74' title='bbox 867 1568 885 1632; x_wconf 92' lang='lat' dir='ltr'><strong>l.</strong></span> <span class='ocrx_word' id='word_1_75' title='bbox 904 1568 1085 1632; x_wconf 87' lang='lat' dir='ltr'><strong>Hesiodum</strong></span> <span class='ocrx_word' id='word_1_76' title='bbox 1104 1565 1278 1648; x_wconf 71' lang='grc' dir='ltr'>»κέρδεσιν</span> 
     </span>
     <span class='ocr_line' id='line_1_12' title="bbox 217 1675 1283 1760; baseline -0.002 -20"><span class='ocrx_word' id='word_1_77' title='bbox 217 1699 277 1760; x_wconf 93' lang='lat' dir='ltr'><strong>pro</strong></span> <span class='ocrx_word' id='word_1_78' title='bbox 314 1676 573 1758; x_wconf 72' lang='grc' dir='ltr'>»πανουργῖαιςν</span> <span class='ocrx_word' id='word_1_79' title='bbox 611 1677 728 1740; x_wconf 88' lang='lat' dir='ltr'><strong>dicere.</strong></span> <span class='ocrx_word' id='word_1_80' title='bbox 777 1677 883 1740; x_wconf 87' lang='lat' dir='ltr'><strong>Etiam</strong></span> <span class='ocrx_word' id='word_1_81' title='bbox 921 1675 1156 1758; x_wconf 68' lang='lat' dir='ltr'><strong>»qthodeioor</strong></span> <span class='ocrx_word' id='word_1_82' title='bbox 1188 1676 1283 1758; x_wconf 88' lang='lat' dir='ltr'><strong>parti·</strong></span> 
     </span>
     <span class='ocr_line' id='line_1_13' title="bbox 217 1780 1284 1866; baseline -0.003 -19"><span class='ocrx_word' id='word_1_83' title='bbox 217 1787 336 1866; x_wconf 93' lang='lat' dir='ltr'><strong>cipium</strong></span> <span class='ocrx_word' id='word_1_84' title='bbox 360 1780 401 1848; x_wconf 71' lang='lat' dir='ltr'><strong>eir</strong></span> <span class='ocrx_word' id='word_1_85' title='bbox 426 1786 575 1849; x_wconf 88' lang='lat' dir='ltr'><strong>Hesiodo</strong></span> <span class='ocrx_word' id='word_1_86' title='bbox 600 1794 766 1866; x_wconf 90' lang='lat' dir='ltr'><strong>sumptum</strong></span> <span class='ocrx_word' id='word_1_87' title='bbox 783 1803 855 1848; x_wconf 89' lang='lat' dir='ltr'><strong>esse</strong></span> <span class='ocrx_word' id='word_1_88' title='bbox 871 1784 1008 1847; x_wconf 90' lang='lat' dir='ltr'><strong>uidetur.</strong></span> <span class='ocrx_word' id='word_1_89' title='bbox 1034 1783 1065 1846; x_wconf 91' lang='lat' dir='ltr'><strong>Is</strong></span> <span class='ocrx_word' id='word_1_90' title='bbox 1081 1784 1167 1846; x_wconf 91' lang='lat' dir='ltr'><strong>enim</strong></span> <span class='ocrx_word' id='word_1_91' title='bbox 1184 1783 1284 1845; x_wconf 90' lang='lat' dir='ltr'><strong>habet</strong></span> 
     </span>
     <span class='ocr_line' id='line_1_14' title="bbox 216 1890 1282 1974; baseline -0.002 -19"><span class='ocrx_word' id='word_1_92' title='bbox 216 1891 387 1973; x_wconf 73' lang='grc' dir='ltr'><strong>φηλωθείς</strong></span> <span class='ocrx_word' id='word_1_93' title='bbox 427 1919 473 1948; x_wconf 66' lang='lat' dir='ltr'><strong><em>z</em></strong></span> <span class='ocrx_word' id='word_1_94' title='bbox 513 1891 709 1972; x_wconf 67' lang='grc' dir='ltr'><strong>ἀπατηθείς,</strong></span> <span class='ocrx_word' id='word_1_95' title='bbox 746 1891 946 1974; x_wconf 70' lang='grc' dir='ltr'>φηλωθεῑσα</span> <span class='ocrx_word' id='word_1_96' title='bbox 979 1919 1025 1946; x_wconf 92' lang='lat'>=</span> <span class='ocrx_word' id='word_1_97' title='bbox 1058 1890 1282 1971; x_wconf 72' lang='lat' dir='ltr'><strong>dnotqheiou.</strong></span> 
     </span>
     <span class='ocr_line' id='line_1_15' title="bbox 215 1998 1283 2081; baseline -0.001 -20"><span class='ocrx_word' id='word_1_98' title='bbox 215 1998 370 2064; x_wconf 90' lang='lat' dir='ltr'><strong>Actiuam</strong></span> <span class='ocrx_word' id='word_1_99' title='bbox 412 1999 502 2062; x_wconf 89' lang='lat' dir='ltr'><strong>uerbi</strong></span> <span class='ocrx_word' id='word_1_100' title='bbox 541 1999 678 2062; x_wconf 85' lang='lat' dir='ltr'><strong>sormam</strong></span> <span class='ocrx_word' id='word_1_101' title='bbox 717 2000 847 2081; x_wconf 88' lang='lat' dir='ltr'><strong>saepius</strong></span> <span class='ocrx_word' id='word_1_102' title='bbox 886 2001 1078 2074; x_wconf 89' lang='lat' dir='ltr'><strong>inuenimus,</strong></span> <span class='ocrx_word' id='word_1_103' title='bbox 1120 2009 1155 2060; x_wconf 93' lang='lat' dir='ltr'><strong>ut</strong></span> <span class='ocrx_word' id='word_1_104' title='bbox 1194 1998 1283 2079; x_wconf 88' lang='lat' dir='ltr'><strong>apud</strong></span> 
     </span>
     <span class='ocr_line' id='line_1_16' title="bbox 216 2105 1283 2193; baseline 0 -25"><span class='ocrx_word' id='word_1_105' title='bbox 216 2105 419 2188; x_wconf 88' lang='lat' dir='ltr'><strong>Aeschylum</strong></span> <span class='ocrx_word' id='word_1_106' title='bbox 443 2108 531 2193; x_wconf 82' lang='lat' dir='ltr'><strong>etin</strong></span> <span class='ocrx_word' id='word_1_107' title='bbox 556 2106 745 2188; x_wconf 84' lang='lat' dir='ltr'><strong>anthologia</strong></span> <span class='ocrx_word' id='word_1_108' title='bbox 769 2106 922 2170; x_wconf 82' lang='lat' dir='ltr'><strong>Palatina.</strong></span> <span class='ocrx_word' id='word_1_109' title='bbox 971 2109 1007 2170; x_wconf 89' lang='lat' dir='ltr'><strong>In</strong></span> <span class='ocrx_word' id='word_1_110' title='bbox 1028 2108 1176 2170; x_wconf 89' lang='lat' dir='ltr'><strong>eiusdem</strong></span> <span class='ocrx_word' id='word_1_111' title='bbox 1202 2105 1283 2187; x_wconf 86' lang='lat' dir='ltr'><strong>frag·</strong></span> 
     </span>
     <span class='ocr_line' id='line_1_17' title="bbox 217 2213 1283 2296; baseline -0.002 -18"><span class='ocrx_word' id='word_1_112' title='bbox 217 2215 317 2278; x_wconf 89' lang='lat' dir='ltr'><strong>menti</strong></span> <span class='ocrx_word' id='word_1_113' title='bbox 349 2231 445 2276; x_wconf 87' lang='lat' dir='ltr'><strong>uersu</strong></span> <span class='ocrx_word' id='word_1_114' title='bbox 473 2215 622 2295; x_wconf 87' lang='lat' dir='ltr'><strong>sequenti</strong></span> <span class='ocrx_word' id='word_1_115' title='bbox 644 2213 808 2296; x_wconf 86' lang='lat' dir='ltr'><strong>leguntur:</strong></span> <span class='ocrx_word' id='word_1_116' title='bbox 833 2213 1020 2294; x_wconf 81' lang='grc' dir='ltr'>ήπεδανοῑο</span> <span class='ocrx_word' id='word_1_117' title='bbox 1043 2213 1185 2291; x_wconf 82' lang='grc' dir='ltr'>λέοντος</span> <span class='ocrx_word' id='word_1_118' title='bbox 1210 2264 1215 2275; x_wconf 97' lang='grc'>.</span> <span class='ocrx_word' id='word_1_119' title='bbox 1244 2264 1249 2275; x_wconf 94' lang='grc'><strong>.</strong></span> <span class='ocrx_word' id='word_1_120' title='bbox 1277 2263 1283 2276; x_wconf 94' lang='grc'><strong>.</strong></span> 
     </span>
     <span class='ocr_line' id='line_1_18' title="bbox 216 2303 1284 2401; baseline -0.001 -17"><span class='ocrx_word' id='word_1_121' title='bbox 216 2321 271 2384; x_wconf 92' lang='lat' dir='ltr'><strong>ubi</strong></span> <span class='ocrx_word' id='word_1_122' title='bbox 298 2319 507 2401; x_wconf 69' lang='grc' dir='ltr'>»ἠπεδανόςν</span> <span class='ocrx_word' id='word_1_123' title='bbox 524 2303 730 2390; x_wconf 41' lang='grc' dir='ltr'><strong>ὀἀὶεοῑὶοαιῃ</strong></span> <span class='ocrx_word' id='word_1_124' title='bbox 755 2322 891 2384; x_wconf 87' lang='lat' dir='ltr'><strong>Homeri</strong></span> <span class='ocrx_word' id='word_1_125' title='bbox 914 2323 1074 2385; x_wconf 89' lang='lat' dir='ltr'><strong>sermonis</strong></span> <span class='ocrx_word' id='word_1_126' title='bbox 1097 2331 1156 2385; x_wconf 89' lang='lat' dir='ltr'><strong>est.</strong></span> <span class='ocrx_word' id='word_1_127' title='bbox 1192 2321 1284 2383; x_wconf 91' lang='lat' dir='ltr'><strong>Idem</strong></span> 
     </span>
     <span class='ocr_line' id='line_1_19' title="bbox 216 2427 1333 2510; baseline 0 -20"><span class='ocrx_word' id='word_1_128' title='bbox 216 2428 281 2492; x_wconf 83' lang='lat' dir='ltr'><strong>fere</strong></span> <span class='ocrx_word' id='word_1_129' title='bbox 315 2428 401 2492; x_wconf 86' lang='lat' dir='ltr'><strong>ualet</strong></span> <span class='ocrx_word' id='word_1_130' title='bbox 436 2438 535 2510; x_wconf 85' lang='lat' dir='ltr'><strong>atque</strong></span> <span class='ocrx_word' id='word_1_131' title='bbox 562 2427 699 2508; x_wconf 70' lang='grc' dir='ltr'><strong>νχωλός,</strong></span> <span class='ocrx_word' id='word_1_132' title='bbox 725 2427 894 2510; x_wconf 72' lang='grc' dir='ltr'>ἀσθενής»</span> <span class='ocrx_word' id='word_1_133' title='bbox 923 2430 942 2492; x_wconf 90' lang='lat' dir='ltr'><strong>i.</strong></span> <span class='ocrx_word' id='word_1_134' title='bbox 968 2450 995 2492; x_wconf 89' lang='lat' dir='ltr'><strong>e.</strong></span> <span class='ocrx_word' id='word_1_135' title='bbox 1024 2429 1214 2504; x_wconf 67' lang='lat' dir='ltr'><strong>»inualidus</strong></span> <span class='ocrx_word' id='word_1_136' title='bbox 1240 2429 1284 2491; x_wconf 89' lang='lat' dir='ltr'><strong>in·</strong></span> <span class='ocrx_word' id='word_1_137' title='bbox 1331 2436 1333 2439; x_wconf 82' lang='grc'><strong>’</strong></span> 
     </span>
     <span class='ocr_line' id='line_1_20' title="bbox 218 2534 1284 2616; baseline 0 -18"><span class='ocrx_word' id='word_1_138' title='bbox 218 2536 359 2600; x_wconf 80' lang='lat' dir='ltr'><strong>firmus».</strong></span> <span class='ocrx_word' id='word_1_139' title='bbox 394 2536 584 2606; x_wconf 78' lang='lat' dir='ltr'><strong>¹Homerus</strong></span> <span class='ocrx_word' id='word_1_140' title='bbox 622 2537 673 2598; x_wconf 93' lang='lat' dir='ltr'><strong>his</strong></span> <span class='ocrx_word' id='word_1_141' title='bbox 713 2536 793 2599; x_wconf 92' lang='lat' dir='ltr'><strong>locis</strong></span> <span class='ocrx_word' id='word_1_142' title='bbox 835 2534 1044 2616; x_wconf 68' lang='grc' dir='ltr'>»ήπεδανόςν</span> <span class='ocrx_word' id='word_1_143' title='bbox 1085 2537 1284 2600; x_wconf 89' lang='lat' dir='ltr'><strong>adiectiuum</strong></span> 
     </span>
     <span class='ocr_line' id='line_1_21' title="bbox 206 2642 1330 2723; baseline 0 -17"><span class='ocrx_word' id='word_1_144' title='bbox 206 2643 367 2707; x_wconf 89' lang='lat' dir='ltr'><strong>&#39;adhibet:</strong></span> <span class='ocrx_word' id='word_1_145' title='bbox 405 2642 470 2707; x_wconf 90' lang='lat' dir='ltr'><strong>Od.</strong></span> <span class='ocrx_word' id='word_1_146' title='bbox 506 2642 591 2719; x_wconf 86' lang='lat' dir='ltr'><strong>VIII,</strong></span> <span class='ocrx_word' id='word_1_147' title='bbox 625 2643 763 2723; x_wconf 75' lang='lat'>311311.</span> <span class='ocrx_word' id='word_1_148' title='bbox 790 2644 876 2718; x_wconf 91' lang='lat' dir='ltr'><strong>VIII,</strong></span> <span class='ocrx_word' id='word_1_149' title='bbox 906 2661 976 2723; x_wconf 90' lang='lat'>104.</span> <span class='ocrx_word' id='word_1_150' title='bbox 1024 2645 1179 2707; x_wconf 87' lang='lat' dir='ltr'><strong>Eiusdem</strong></span> <span class='ocrx_word' id='word_1_151' title='bbox 1203 2643 1285 2723; x_wconf 79' lang='lat' dir='ltr'><strong>frag·</strong></span> <span class='ocrx_word' id='word_1_152' title='bbox 1328 2685 1330 2688; x_wconf 93' lang='lat'>-</span> 
     </span>
     <span class='ocr_line' id='line_1_22' title="bbox 219 2750 977 2833; baseline 0.001 -21"><span class='ocrx_word' id='word_1_153' title='bbox 219 2751 320 2814; x_wconf 92' lang='lat' dir='ltr'><strong>menti</strong></span> <span class='ocrx_word' id='word_1_154' title='bbox 345 2771 439 2814; x_wconf 89' lang='lat' dir='ltr'><strong>uersu</strong></span> <span class='ocrx_word' id='word_1_155' title='bbox 462 2752 618 2832; x_wconf 89' lang='lat' dir='ltr'><strong>deinceps</strong></span> <span class='ocrx_word' id='word_1_156' title='bbox 641 2753 790 2833; x_wconf 85' lang='lat' dir='ltr'><strong>sequenti</strong></span> <span class='ocrx_word' id='word_1_157' title='bbox 814 2750 977 2833; x_wconf 86' lang='lat' dir='ltr'><strong>leguntur:</strong></span> 
     </span>
     <span class='ocr_line' id='line_1_23' title="bbox 327 2855 1141 2987; baseline 0.002 -68"><span class='ocrx_word' id='word_1_158' title='bbox 327 2907 601 2922; x_wconf 88' lang='grc'><strong><em>.........</em></strong></span> <span class='ocrx_word' id='word_1_159' title='bbox 626 2857 683 2922; x_wconf 85' lang='grc' dir='ltr'><strong>καὶ</strong></span> <span class='ocrx_word' id='word_1_160' title='bbox 708 2855 833 2987; x_wconf 86' lang='grc' dir='ltr'>ὄμμασι</span> <span class='ocrx_word' id='word_1_161' title='bbox 856 2856 960 2933; x_wconf 80' lang='grc' dir='ltr'>λοξὸν</span> <span class='ocrx_word' id='word_1_162' title='bbox 983 2857 1141 2940; x_wconf 75' lang='grc' dir='ltr'>ὑποδρὰξ</span> 
     </span>
     <span class='ocr_line' id='line_1_24' title="bbox 326 2964 903 3048; baseline 0 -20"><span class='ocrx_word' id='word_1_163' title='bbox 326 2964 500 3048; x_wconf 82' lang='grc' dir='ltr'>ὀσσομένη</span> <span class='ocrx_word' id='word_1_164' title='bbox 527 3015 903 3030; x_wconf 90' lang='grc'><strong>............</strong></span> 
     </span>
     <span class='ocr_line' id='line_1_25' title="bbox 220 3061 1284 3152; baseline 0.003 -19"><span class='ocrx_word' id='word_1_165' title='bbox 220 3071 402 3134; x_wconf 86' lang='lat' dir='ltr'><strong>imitatione</strong></span> <span class='ocrx_word' id='word_1_166' title='bbox 423 3073 591 3136; x_wconf 84' lang='lat' dir='ltr'><strong>Homerici</strong></span> <span class='ocrx_word' id='word_1_167' title='bbox 614 3061 696 3136; x_wconf 86' lang='lat' dir='ltr'><strong>iliius</strong></span> <span class='ocrx_word' id='word_1_168' title='bbox 724 3071 879 3152; x_wconf 76' lang='grc' dir='ltr'>»ὑπόδρα</span> <span class='ocrx_word' id='word_1_169' title='bbox 902 3070 1014 3150; x_wconf 76' lang='grc' dir='ltr'>ἰδών»,</span> <span class='ocrx_word' id='word_1_170' title='bbox 1039 3083 1074 3137; x_wconf 93' lang='lat' dir='ltr'><strong>ut</strong></span> <span class='ocrx_word' id='word_1_171' title='bbox 1098 3073 1132 3137; x_wconf 82' lang='grc' dir='ltr'><strong>ΙΙ.</strong></span> <span class='ocrx_word' id='word_1_172' title='bbox 1158 3074 1182 3149; x_wconf 87' lang='grc' dir='ltr'><strong>Ι,</strong></span> <span class='ocrx_word' id='word_1_173' title='bbox 1213 3075 1284 3151; x_wconf 88' lang='lat'>148,</span> 
     </span>
     <span class='ocr_line' id='line_1_26' title="bbox 219 3177 1286 3245; baseline 0.003 -5"><span class='ocrx_word' id='word_1_174' title='bbox 219 3177 305 3242; x_wconf 92' lang='lat' dir='ltr'><strong>alibi.</strong></span> <span class='ocrx_word' id='word_1_175' title='bbox 353 3178 414 3242; x_wconf 88' lang='lat' dir='ltr'><strong>Vis</strong></span> <span class='ocrx_word' id='word_1_176' title='bbox 437 3190 488 3242; x_wconf 91' lang='lat' dir='ltr'><strong>est</strong></span> <span class='ocrx_word' id='word_1_177' title='bbox 511 3181 662 3245; x_wconf 90' lang='lat' dir='ltr'><strong>dictionis</strong></span> <span class='ocrx_word' id='word_1_178' title='bbox 689 3183 808 3244; x_wconf 76' lang='lat' dir='ltr'><strong>»toruis</strong></span> <span class='ocrx_word' id='word_1_179' title='bbox 832 3179 934 3244; x_wconf 91' lang='lat' dir='ltr'><strong>oculis</strong></span> <span class='ocrx_word' id='word_1_180' title='bbox 957 3183 1105 3245; x_wconf 77' lang='lat' dir='ltr'><strong>Intueri».</strong></span> <span class='ocrx_word' id='word_1_181' title='bbox 1140 3181 1286 3243; x_wconf 89' lang='lat' dir='ltr'><strong>Transeo</strong></span> 
     </span>
     <span class='ocr_line' id='line_1_27' title="bbox 219 3286 1006 3370; baseline 0.005 -23"><span class='ocrx_word' id='word_1_182' title='bbox 219 3286 261 3348; x_wconf 90' lang='lat' dir='ltr'><strong>ad</strong></span> <span class='ocrx_word' id='word_1_183' title='bbox 285 3287 430 3350; x_wconf 88' lang='lat' dir='ltr'><strong>eiusdem</strong></span> <span class='ocrx_word' id='word_1_184' title='bbox 456 3286 628 3369; x_wconf 82' lang='lat' dir='ltr'><strong>fragmenti</strong></span> <span class='ocrx_word' id='word_1_185' title='bbox 652 3309 779 3352; x_wconf 86' lang='lat' dir='ltr'><strong>uersum</strong></span> <span class='ocrx_word' id='word_1_186' title='bbox 803 3300 1006 3370; x_wconf 89' lang='lat' dir='ltr'><strong>sequentem:</strong></span> 
     </span>
     <span class='ocr_line' id='line_1_28' title="bbox 384 3393 1098 3481; baseline 0.004 -25"><span class='ocrx_word' id='word_1_187' title='bbox 384 3443 591 3458; x_wconf 87' lang='grc'><strong>.......</strong></span> <span class='ocrx_word' id='word_1_188' title='bbox 619 3393 767 3481; x_wconf 82' lang='grc' dir='ltr'>βέβοστο</span> <span class='ocrx_word' id='word_1_189' title='bbox 791 3393 832 3458; x_wconf 84' lang='grc' dir='ltr'><strong>δὲ</strong></span> <span class='ocrx_word' id='word_1_190' title='bbox 854 3398 950 3460; x_wconf 84' lang='grc' dir='ltr'>πᾶσα</span> <span class='ocrx_word' id='word_1_191' title='bbox 973 3395 1098 3476; x_wconf 83' lang='grc' dir='ltr'>χόλοιο·</span> 
     </span>
    </p>

    <p class='ocr_par' dir='ltr' id='par_1_7' title="bbox 219 3498 1356 4123">
     <span class='ocr_line' id='line_1_29' title="bbox 223 3498 1356 3587; baseline 0.004 -27"><span class='ocrx_word' id='word_1_192' title='bbox 223 3498 332 3587; x_wconf 75' lang='grc' dir='ltr'>»βόων</span> <span class='ocrx_word' id='word_1_193' title='bbox 371 3502 507 3564; x_wconf 88' lang='lat' dir='ltr'><strong>uerbum</strong></span> <span class='ocrx_word' id='word_1_194' title='bbox 543 3503 631 3584; x_wconf 86' lang='lat' dir='ltr'><strong>apud</strong></span> <span class='ocrx_word' id='word_1_195' title='bbox 668 3511 783 3585; x_wconf 79' lang='lat' dir='ltr'><strong>poetas</strong></span> <span class='ocrx_word' id='word_1_196' title='bbox 818 3507 971 3586; x_wconf 77' lang='lat' dir='ltr'><strong>antIquos</strong></span> <span class='ocrx_word' id='word_1_197' title='bbox 1005 3506 1070 3566; x_wconf 94' lang='lat' dir='ltr'><strong>uim</strong></span> <span class='ocrx_word' id='word_1_198' title='bbox 1102 3503 1201 3566; x_wconf 90' lang='lat' dir='ltr'><strong>habet</strong></span> <span class='ocrx_word' id='word_1_199' title='bbox 1232 3503 1287 3565; x_wconf 92' lang='lat' dir='ltr'><strong>ob·</strong></span> <span class='ocrx_word' id='word_1_200' title='bbox 1354 3584 1356 3587; x_wconf 13' lang='grc' dir='ltr'><strong><em>ι</em></strong></span> 
     </span>
     <span class='ocr_line' id='line_1_30' title="bbox 219 3609 1286 3693; baseline 0.004 -24"><span class='ocrx_word' id='word_1_201' title='bbox 219 3609 357 3682; x_wconf 85' lang='lat' dir='ltr'><strong>tutandi,</strong></span> <span class='ocrx_word' id='word_1_202' title='bbox 394 3609 594 3686; x_wconf 87' lang='lat' dir='ltr'><strong>obstruendi‚</strong></span> <span class='ocrx_word' id='word_1_203' title='bbox 632 3619 667 3673; x_wconf 88' lang='lat' dir='ltr'><strong>ut</strong></span> <span class='ocrx_word' id='word_1_204' title='bbox 702 3611 734 3674; x_wconf 91' lang='lat' dir='ltr'><strong>in</strong></span> <span class='ocrx_word' id='word_1_205' title='bbox 757 3611 911 3693; x_wconf 86' lang='lat' dir='ltr'><strong>exemplo</strong></span> <span class='ocrx_word' id='word_1_206' title='bbox 938 3612 1115 3674; x_wconf 89' lang='lat' dir='ltr'><strong>Homerico</strong></span> <span class='ocrx_word' id='word_1_207' title='bbox 1140 3609 1204 3673; x_wconf 91' lang='lat' dir='ltr'><strong>Od.</strong></span> <span class='ocrx_word' id='word_1_208' title='bbox 1229 3610 1286 3687; x_wconf 88' lang='lat' dir='ltr'><strong>IV,</strong></span> 
     </span>
     <span class='ocr_line' id='line_1_31' title="bbox 225 3705 1289 3808; baseline 0.003 -31"><span class='ocrx_word' id='word_1_209' title='bbox 225 3732 299 3794; x_wconf 86' lang='lat'>134:</span> <span class='ocrx_word' id='word_1_210' title='bbox 332 3765 472 3779; x_wconf 89' lang='grc'><strong>.....</strong></span> <span class='ocrx_word' id='word_1_211' title='bbox 497 3715 646 3800; x_wconf 83' lang='grc' dir='ltr'>νήματος</span> <span class='ocrx_word' id='word_1_212' title='bbox 670 3720 834 3798; x_wconf 82' lang='grc' dir='ltr'>ἀσκητοῖο</span> <span class='ocrx_word' id='word_1_213' title='bbox 857 3705 1077 3806; x_wconf 80' lang='grc' dir='ltr'>βεβυσμένον·</span> <span class='ocrx_word' id='word_1_214' title='bbox 1108 3719 1289 3808; x_wconf 50' lang='grc' dir='ltr'><strong>Ιἱμάσσας</strong></span> 
     </span>
     <span class='ocr_line' id='line_1_32' title="bbox 220 3823 1289 3909; baseline 0.004 -25"><span class='ocrx_word' id='word_1_215' title='bbox 220 3823 337 3886; x_wconf 88' lang='lat' dir='ltr'><strong>eadem</strong></span> <span class='ocrx_word' id='word_1_216' title='bbox 360 3825 599 3906; x_wconf 86' lang='lat' dir='ltr'><strong>significatione</strong></span> <span class='ocrx_word' id='word_1_217' title='bbox 616 3826 751 3890; x_wconf 89' lang='lat' dir='ltr'><strong>uerbum</strong></span> <span class='ocrx_word' id='word_1_218' title='bbox 768 3827 906 3908; x_wconf 86' lang='lat' dir='ltr'><strong>profert:</strong></span> <span class='ocrx_word' id='word_1_219' title='bbox 925 3825 1088 3909; x_wconf 67' lang='grc' dir='ltr'>ῥαφανῖδι</span> <span class='ocrx_word' id='word_1_220' title='bbox 1103 3825 1164 3908; x_wconf 85' lang='grc' dir='ltr'><strong>τὴν</strong></span> <span class='ocrx_word' id='word_1_221' title='bbox 1179 3825 1289 3907; x_wconf 82' lang='grc' dir='ltr'>πυγὴν</span> 
     </span>
     <span class='ocr_line' id='line_1_33' title="bbox 221 3929 1288 4020; baseline 0.005 -29"><span class='ocrx_word' id='word_1_222' title='bbox 221 3929 441 4016; x_wconf 83' lang='grc' dir='ltr'>βεβυσμένος.</span> <span class='ocrx_word' id='word_1_223' title='bbox 457 3932 648 3997; x_wconf 89' lang='lat' dir='ltr'><strong>Herodotus</strong></span> <span class='ocrx_word' id='word_1_224' title='bbox 660 3933 774 4000; x_wconf 89' lang='lat' dir='ltr'><strong>habet:</strong></span> <span class='ocrx_word' id='word_1_225' title='bbox 792 3933 980 4020; x_wconf 79' lang='grc' dir='ltr'>»ἐβέβυστο</span> <span class='ocrx_word' id='word_1_226' title='bbox 988 3933 1027 3996; x_wconf 82' lang='grc' dir='ltr'><strong>τὸ</strong></span> <span class='ocrx_word' id='word_1_227' title='bbox 1034 3932 1173 4017; x_wconf 84' lang='grc' dir='ltr'>στόμα»</span> <span class='ocrx_word' id='word_1_228' title='bbox 1190 3933 1288 3996; x_wconf 89' lang='lat' dir='ltr'><strong>Nullo</strong></span> 
     </span>
     <span class='ocr_line' id='line_1_34' title="bbox 221 4037 1289 4123; baseline 0.004 -23"><span class='ocrx_word' id='word_1_229' title='bbox 221 4047 329 4102; x_wconf 89' lang='lat' dir='ltr'><strong>autem</strong></span> <span class='ocrx_word' id='word_1_230' title='bbox 353 4037 428 4103; x_wconf 86' lang='lat' dir='ltr'><strong>ioco</strong></span> <span class='ocrx_word' id='word_1_231' title='bbox 451 4041 540 4122; x_wconf 91' lang='lat' dir='ltr'><strong>apud</strong></span> <span class='ocrx_word' id='word_1_232' title='bbox 563 4051 713 4104; x_wconf 87' lang='lat' dir='ltr'><strong>auctores</strong></span> <span class='ocrx_word' id='word_1_233' title='bbox 738 4043 889 4123; x_wconf 89' lang='lat' dir='ltr'><strong>antiquos</strong></span> <span class='ocrx_word' id='word_1_234' title='bbox 913 4043 956 4104; x_wconf 92' lang='lat' dir='ltr'><strong>ad</strong></span> <span class='ocrx_word' id='word_1_235' title='bbox 981 4043 1124 4106; x_wconf 85' lang='lat' dir='ltr'><strong>animum</strong></span> <span class='ocrx_word' id='word_1_236' title='bbox 1149 4041 1289 4104; x_wconf 89' lang='lat' dir='ltr'><strong>hominis</strong></span> 
     </span>
    </p>
   </div>
   <div class='ocr_carea' id='block_1_5' title="bbox 0 0 1638 4868">
    <p class='ocr_par' dir='ltr' id='par_1_8' title="bbox 0 0 1638 4868">
     <span class='ocr_line' id='line_1_35' title="bbox 0 0 1638 4868; baseline 0 0"><span class='ocrx_word' id='word_1_237' title='bbox 0 0 1638 4868; x_wconf 95' lang='lat' dir='ltr'><strong> </strong></span> 
     </span>
    </p>
   </div>
  </div>
 </body>
</html>
