3260 4882
766 427 806 436 ..
832 387 872 453 82
899 425 941 438 -...

319 603 443 666 elucere
467 612 583 684 poetas
608 603 861 686 fragmentorum
885 603 1120 685 dactylicorunr
1147 606 1262 686 prioris
1285 604 1385 670 solius

319 711 426 774 Babrii
461 711 532 774 libri
568 710 693 774 fabulas
729 712 872 776 inritatos
900 725 981 776 esse.
1030 713 1104 776 Hac
1127 713 1199 793 ipsa
1223 713 1320 794 igitur
1344 734 1385 776 ex

319 839 352 881 re
376 821 441 884 erui
467 830 574 901 potest
599 820 768 900 paradoxa
791 821 888 902 etiarn
911 821 944 884 in
960 803 1088 902 sylloge
1105 820 1262 901 Aesopea
1278 819 1385 884 Babrii

319 927 402 990 lecta
430 947 511 990 esse.
561 927 675 992 Restat
700 927 796 1008 igitur
818 938 853 990 ut
878 928 1048 992 uideamus
1071 947 1155 1009 quae
1180 929 1383 1009 potissimum

319 1025 517 1116 argumenta
545 1034 663 1098 Babrio
699 1055 774 1096 curn
808 1035 1021 1117 scriptoribus
1056 1035 1208 1100 historiae
1232 1035 1386 1100 naturalis

319 1143 504 1231 communia
539 1143 581 1204 ad
618 1140 740 1204 sontem
766 1141 853 1204 illum
878 1143 1113 1216 secundarium,
1140 1155 1175 1218 ut
1199 1145 1242 1206 ita
1267 1139 1407 1216 dicanr,'

319 1250 510 1330 Aesopeurn
547 1248 715 1312 reserenda
749 1269 888 1330 eamque
924 1251 1027 1331 ipsam
1064 1250 1197 1312 obrem
1223 1251 1253 1312 in
1280 1252 1385 1331 priore

320 1358 460 1420 auctoris
496 1357 595 1420 nostri
631 1354 738 1420 libello
776 1358 965 1437 reponenda
1000 1358 1073 1420 siut.
1122 1356 1254 1420 Fabulis
1278 1357 1385 1421 Babri-

319 1466 390 1527 anis
425 1463 601 1544 peruolutis
636 1463 716 1528 haec
749 1485 821 1526 esse
856 1464 1064 1528 uidebuntur:
1104 1479 1132 1544 5,
1173 1483 1221 1543 14,
1254 1478 1305 1544 35,
1333 1481 1383 1544 39,

325 1590 394 1647 ιιι,
425 1573 494 1647 ιι8,
526 1588 596 1650 123,
621 1591 756 1652 quorum
786 1589 833 1649 14,
861 1586 911 1651 35,
939 1589 990 1650 39,
1021 1573 1201 1636 118etianr
1226 1592 1246 1634 a
1271 1571 1384 1636 Crusio

320 1683 363 1756 (in
398 1679 654 1761 encyclopaedia
679 1678 870 1751 Wissowae‚
895 1679 934 1754 ll,
960 1700 1035 1760 pag.
1064 1679 1227 1763 2663-4l
1251 1681 1292 1742 ad
1318 1679 1384 1742 son-

319 1803 388 1852 tem
409 1809 429 1850 a
451 1789 608 1868 scriptore
632 1785 785 1850 naturalis
809 1787 961 1850 historiae
985 1797 1018 1850 et
1039 1789 1281 1868 paradoxorum
1298 1807 1383 1858 conr·
1495 1867 1499 1874 ¹

321 1897 462 1978 positum
487 1894 586 1958 relata
609 1908 694 1958 sunt.

432 2002 680 2066 Ruthersordius
704 2011 836 2065 auctore
860 2001 899 2064 G.
925 2002 960 2066 C.
988 2003 1127 2066 Lewisio
1152 2003 1277 2067 notauit
1295 2021 1383 2083 argu·

321 2121 463 2172 mentum
500 2108 628 2172 fabulae
665 2124 679 2188 5
719 2131 737 2172 a
773 2109 929 2172 Pausania
966 2110 1020 2184 IX,
1056 2126 1108 2184 22,
1142 2112 1259 2191 §4et
1283 2108 1384 2172 Plinio

320 2219 393 2282 hist.
430 2228 494 2280 nat.
531 2217 570 2293 X,
609 2233 650 2294 24
685 2218 941 2305 commemorari.
991 2217 1164 2303 Pausanias
1188 2217 1330 2280 breuiter
1353 2219 1384 2280 id

320 2325 425 2387 solum
461 2326 689 2389 animaduertit
724 2324 828 2406 gallos
864 2325 1075 2408 Tanagraeos
1111 2344 1278 2406 pugnaces
1302 2345 1382 2388 esse.
1436 2334 1438 2337 ’

321 2433 354 2496 Si
380 2443 487 2496 autem
513 2430 617 2494 locum
643 2432 821 2495 Plinianum
846 2432 1029 2508 adierimuS,
1055 2431 1156 2496 multa
1173 2433 1383 2503 inueniernus

320 2560 404 2620 quae
440 2541 470 2601 in
497 2538 604 2602 tabula
629 2539 736 2602 Babrii
751 2551 933 2602 recurrunt.
982 2539 1027 2602 Vt
1052 2541 1094 2602 de
1118 2539 1265 2602 uersibus
1289 2539 1383 2601 Babr.

322 2665 421 2726 3-41
463 2645 608 2710 »τούτων
632 2646 652 2708 ὁ
675 2646 825 2728 λειφθείς
849 2647 1062 2729 (τραυμάτων
1085 2646 1154 2726 γὰρ
1178 2643 1218 2724 ἡν
1241 2645 1384 2726 πλήρης)

321 2753 432 2816 ἔκυπτ’
458 2755 495 2831 ἐς
511 2754 610 2816 οἴκου
626 2754 749 2835 norint
766 2753 1014 2833 ὑπἀἰσχύνης·»
1035 2754 1120 2818 haud
1137 2754 1235 2818 dubie
1251 2764 1385 2818 monent

320 2863 423 2926 Plinii:
458 2863 580 2926 »uictus
603 2861 783 2926 occultatur
807 2862 903 2926 silens
927 2882 1091 2943 aegreque
1114 2863 1278 2924 seruitium
1305 2863 1384 2942 pati·

320 2981 388 3032 tur»
428 2980 459 3032 et
483 2970 525 3033 de
548 2989 629 3032 uers.
659 2969 743 3048 546
767 2969 890 3032 Babrii:
919 2970 958 3031 »ὁ
981 2967 1121 3046 δ’ἄλλος
1144 2967 1251 3046 εὐθὺς
1272 2970 1321 3046 εἰς
1346 2967 1384 3032 τὸ
1490 3011 1493 3016 -

320 3075 418 3159 δῶμα
450 3074 607 3156 πηδήσας
642 3077 826 3156 ἐπικροτῶν
859 3097 895 3140 τε
919 3081 989 3153 τοῖς
1012 3081 1148 3155 πτεροῖς
1172 3077 1380 3156 ἐκεκράγει.»

321 3183 424 3248 Plinii:
465 3186 572 3265 »quod
608 3186 633 3248 si
659 3183 766 3265 palma
791 3185 959 3264 contingit,
985 3185 1094 3248 statim
1119 3186 1150 3246 in
1175 3177 1311 3246 uictoria
1334 3203 1384 3249 ca·

320 3301 399 3356 nunt
422 3311 522 3374 seque
546 3293 608 3372 ipsi
630 3293 792 3372 principes
809 3301 997 3354 testantur».
1040 3291 1186 3354 Eundem
1205 3291 1271 3354 sere
1287 3311 1385 3373 quenr

320 3399 369 3460 his
403 3397 483 3462 locis
506 3398 627 3462 fontem
653 3399 750 3462 etiam
776 3399 1013 3462 narrationibus
1036 3399 1230 3480 quibusdam
1256 3396 1384 3462 Aeliani

316 3505 454 3568 ‘subesse
488 3507 645 3586 suspicor.
694 3506 745 3568 Ex
776 3505 958 3586 fragmento
988 3506 1049 3568 186
1072 3505 1159 3589 (pag.
1185 3520 1245 3585 451
1274 3507 1384 3570 editio·

320 3615 370 3678 nis
394 3613 577 3693 Hercheri):
607 3613 840 3692 »ἀλεκτρυόνα
864 3611 1015 3692 ἀθλητὴν
1031 3612 1270 3693 Ταναγραῖον»
1291 3611 1385 3676 facile

319 3732 456 3803 apparet
479 3722 576 3784 etiarn
601 3732 765 3784 auctorem
791 3721 921 3782 Aeliani
945 3719 1057 3784 litteris
1082 3721 1265 3801 prodidisse
1281 3719 1385 3802 gallos

319 3830 348 3891 T
351 3850 531 3912 anagraeos
566 3831 826 3910 pugnacissimos
861 3847 942 3901 esse,
967 3839 999 3890 et
1024 3838 1089 3891 nat.
1115 3849 1166 3890 an.
1193 3828 1249 3902 IV,
1276 3827 1384 3906 2910-

319 3959 392 4000 cum
429 3938 546 4012 inueni,
583 3939 638 4018 qui
674 3956 871 4019 quamquam
905 3955 969 3997 non
1006 3938 1048 3998 de
1080 3934 1166 4018 gallo
1191 3936 1384 4016 'sanagraeo

319 4044 390 4107 solo
413 4048 490 4128 agit,
516 4055 624 4108 tamen
649 4054 773 4106 tantam
798 4064 871 4106 cum
895 4043 1040 4106 uersibus
1064 4043 1233 4106 Babrianis
1256 4054 1288 4105 et
1311 4041 1384 4104 loco

320 4152 462 4215 Pliniana
498 4152 738 4215 similitudinem
776 4152 919 4231 praebet,
946 4161 979 4212 ut
1003 4171 1068 4212 non
1094 4153 1197 4231 possit
1221 4171 1286 4212 non
1311 4171 1383 4212 cum
