3260 4882
728 385 927 484 -,5g-
1022 440 1025 445 .

294 625 367 680 utur
402 617 513 680 Edens
541 614 695 698 lustgiird,
721 615 764 698 pii
787 618 842 680 det
865 618 932 680 hon
956 615 1058 680 skulle
1083 616 1188 678 bruka
1208 613 1360 700 jorden»)

295 736 328 788 et
354 726 386 790 in
415 738 475 804 150
500 724 676 786 Mercurius
701 725 887 788 hominibus
911 745 1014 805 nuper
1036 725 1155 786 creatis
1175 725 1259 786 νοῦν
1282 724 1332 786 ins
1352 761 1360 772 ·

294 835 381 896 disse
415 833 530 896 dicitur
564 831 617 913 (cf.
643 831 695 896 lib.
722 827 864 908 Mosjr,
891 849 920 908 2,
947 848 979 912 7:
1020 831 1112 895 »Och
1138 833 1262 894 Herren
1286 831 1360 894 Gud

295 940 442 1004 lormade
477 939 667 1002 manniskan
705 939 741 1002 af
768 941 902 1021 jordens
936 939 1016 1002 stolt
1049 940 1112 1004 och
1147 937 1286 1002 inbliiste
1315 941 1360 1002 uti

293 1049 417 1110 hermes
442 1053 521 1112 niisa
533 1067 573 1109 en
586 1046 735 1114 leivande
752 1047 878 1132 andei).
915 1047 1060 1112 Fabulae
1076 1046 1184 1113 Halm.
1202 1064 1240 1125 41
1262 1047 1361 1110 uerba

298 1157 354 1216 »ἐν
379 1154 549 1236 ὑπηρέτου
572 1152 799 1236 προσχήματι»
828 1156 938 1218 nescio
963 1175 1003 1216 an
1028 1156 1145 1236 adep.
1171 1152 1248 1216 Phil.
1275 1154 1313 1229 ll,
1340 1171 1358 1230 7

298 1260 450 1345 »μορφὴν
485 1259 614 1324 δούλου
642 1260 776 1348 λαβὼν»
803 1272 880 1343 apte
905 1261 1010 1324 referri
1036 1263 1172 1344 possint.
1220 1261 1286 1324 Sed
1311 1262 1360 1324 his

188 1451 190 1455 ,
293 1371 529 1452 praetermissis
563 1370 645 1433 inter
680 1369 805 1432 fabulas
833 1371 1000 1451 prosaicas
1023 1370 1119 1432 nobis
1142 1379 1287 1432 seruatas
1311 1379 1360 1432 tot

294 1488 433 1552 exstant,
459 1498 542 1560 quae
566 1479 742 1540 sententias
770 1478 829 1540 »de
853 1478 903 1540 dis
924 1477 1085 1558 rebusque
1100 1477 1217 1541 diuinis
1233 1477 1264 1540 in
1284 1496 1360 1540 uera

292 1586 483 1666 antiquitate
520 1586 736 1666 peregrinas»,
762 1595 796 1648 ut
819 1587 861 1646 de
884 1585 1003 1648 Babrio
1030 1605 1090 1646 suo
1114 1585 1191 1648 dicit
1216 1583 1356 1659 CrusiuS,

206 1681 208 1686 ¹
294 1692 468 1773 proferunt,
494 1704 528 1754 ut
552 1692 691 1755 dubitari
715 1713 781 1756 non
805 1694 909 1774 possit
928 1694 1005 1774 quin
1022 1703 1222 1773 argumenta,
1240 1691 1359 1772 quibus

292 1803 324 1862 in
348 1803 429 1862 deos
452 1799 602 1875 illuditur,
628 1819 694 1862 non
718 1802 760 1862 ad
783 1800 936 1864 Babrium
960 1800 1075 1875 solum,
1100 1799 1158 1862 sed
1183 1801 1292 1880 potius
1315 1799 1358 1862 ad

291 1918 413 1970 sectam
439 1906 579 1988 aliquam
597 1907 759 1970 rhetorum
777 1909 992 1988 posteriorum
1009 1906 1073 1970 late
1090 1907 1240 1970 diffusam
1257 1918 1358 1970 trans·

292 2015 423 2078 serenda
458 2017 530 2078 sint.
579 2015 624 2078 Vt
648 2013 776 2078 fabulae
800 2014 907 2078 Halm.
939 2033 964 2091 1,
991 2030 1020 2094 7,
1045 2033 1098 2093 49,
1127 2027 1176 2094 55,
1201 2032 1255 2094 90,
1286 2015 1355 2093 136,

297 2125 366 2200 148,
408 2137 478 2201 159,
516 2136 589 2202 354,
627 2125 690 2202 389
723 2122 831 2208 (quam
856 2125 953 2186 etiam
979 2122 1166 2186 Plutarchus
1189 2121 1252 2185 Vll
1277 2121 1355 2203 Sap.

292 2230 395 2292 Conu.
431 2251 459 2292 c.
501 2248 538 2306 14
573 2232 726 2310 narrauit)
750 2241 805 2293 aut
829 2251 938 2294 ueram
963 2241 1130 2294 auctorum
1155 2231 1356 2310 impietatem

292 2359 369 2419 prae
403 2357 439 2400 se
474 2337 580 2400 serunt
615 2349 671 2400 aut
702 2340 881 2402 sententias
904 2350 936 2402 et
961 2339 1048 2401 dicta
1072 2340 1249 2412 continent,
1273 2358 1357 2419 quae

291 2447 333 2508 ab
357 2447 563 2525 antiquorum
587 2446 795 2526 opinionibus
819 2446 1003 2509 abhorrent.
1051 2445 1159 2508 Babrii
1183 2456 1291 2508 autem
1314 2445 1355 2516 ad

291 2552 388 2616 talem
424 2553 581 2633 originem
613 2553 800 2616 referendae
825 2564 899 2616 sunt
923 2553 1064 2617 fabulae:
1093 2571 1121 2629 2,
1151 2570 1199 2628 10,
1230 2571 1277 2628 11,
1308 2569 1355 2626 12,

296 2674 343 2739 15,
374 2662 422 2735 18,
449 2677 499 2740 21,
527 2677 577 2741 30,
605 2677 656 2738 32,
680 2663 733 2739 48,
759 2679 811 2740 49,
840 2674 890 2741 57,
918 2664 968 2740 58,
996 2675 1045 2740 59,
1067 2662 1262 2740 616811,
1286 2677 1355 2738 119,

295 2783 364 2848 127,
402 2784 471 2846 129,
508 2787 644 2848 quarum
679 2768 765 2832 haud
802 2789 923 2849 paucas
950 2770 1013 2832 iam
1043 2779 1119 2830 ante
1143 2768 1355 2848 Hartuugius,

290 2875 409 2951 Keller,
435 2876 576 2951 Crusius,
603 2876 859 2952 Ruthersordius
885 2876 938 2942 alii
962 2885 1190 2939 tractauerunt.
1231 2875 1352 2950 Adeo,

290 3005 374 3064 quae
399 2985 461 3046 iarn
487 2983 529 3045 ab
554 2984 604 3046 his
626 2985 702 3046 uiris
718 2985 824 3046 doctis
840 2985 882 3046 dc
898 2984 1017 3046 talibus
1033 2984 1232 3064 argumentis
1248 2984 1355 3063 dispu-

291 3102 360 3154 tata
396 3102 480 3165 sunt,
517 3091 657 3153 breuiter
680 3091 833 3154 nonnulla
858 3092 979 3155 addere
1005 3092 1082 3155 mihi
1107 3092 1139 3153 in
1163 3093 1271 3152 animo
1295 3101 1354 3152 est.

396 3196 553 3260 Fabulam
591 3215 608 3260 2
645 3198 776 3263 Crusius
811 3201 879 3261 sine
907 3199 1009 3262 dubio
1034 3208 1122 3260 recte
1146 3219 1220 3260 curn
1246 3197 1352 3260 Halm.

292 3305 354 3366 286
378 3306 555 3380 coniunxit,
580 3307 669 3386 quod
692 3318 801 3369 autem
818 3308 929 3368 statuit
947 3305 1074 3368 fabulae
1091 3303 1198 3368 Halm.
1216 3304 1354 3368 sormam

290 3413 503 3492 antiquiorem
538 3413 682 3489 subesse,
718 3414 761 3475 de
795 3433 835 3474 ea
859 3415 989 3494 quidem
1015 3433 1048 3476 re
1071 3413 1211 3477 dubitari
1235 3422 1353 3494 potest.

289 3518 396 3599 Magis
431 3530 539 3584 autern
574 3521 637 3582 hoc
672 3520 745 3584 loco
780 3522 935 3584 interesse
970 3521 1106 3595 uidetur,
1136 3541 1231 3602 quem
1257 3522 1354 3582 deum

289 3638 401 3689 auctor
425 3628 626 3692 intellexerit.
667 3627 723 3692 A‘d
746 3649 845 3709 quam
869 3630 1093 3709 quaestionem
1111 3629 1354 3692 diiudicandam

289 3737 398 3796 nescio
434 3756 475 3798 an
510 3735 618 3799 ualere
654 3737 758 3816 possit
792 3738 881 3817 quod
909 3745 1041 3797 auctore
1065 3735 1195 3798 Rohdio
1220 3734 1249 3818 (l.
1276 3734 1294 3798 l.
1321 3756 1350 3816 p.

288 3841 364 3925 436)
381 3845 468 3924 apud
485 3844 708 3918 Heliodorum,
726 3863 823 3924 quem
840 3854 916 3904 ante
932 3844 1078 3924 quintum
1096 3855 1171 3924 post
1188 3843 1353 3905 Christum

288 3950 451 4013 saeculum
487 3929 607 4014 uixisse
638 3972 696 4031 pro
721 3961 810 4014 certo
835 3950 973 4012 affirmat
998 3949 1155 4014 Christius
1178 3950 1274 4035 (Hist.
1305 3949 1352 4014 lit.

289 4057 411 4137 graec.²
447 4079 521 4139 pag.
558 4059 646 4137 682),
684 4055 935 4138 llelios-Apollo
964 4058 1049 4120 adeo
1078 4058 1190 4120 Iouem
1215 4069 1351 4122 ceteros-

288 4183 352 4242 que
376 4165 457 4226 deos
476 4187 590 4228 omnes
606 4165 777 4240 antecellit,
797 4175 831 4226 ut
845 4166 969 4227 auctori
986 4177 1058 4226 eum
1077 4167 1174 4226 deum
1191 4186 1352 4228 summum
1394 4239 1397 4244 Ι
