3260 4882
234 1059 398 1155 Quibus
426 1061 655 1140 rationibus
684 1062 872 1158 indagari
901 1061 1033 1158 possit
1053 1085 1161 1159 quae
1180 1063 1299 1138 iabu-

231 1189 297 1263 lae
340 1188 393 1261 ad
436 1187 580 1261 Babrii
610 1187 824 1262 rhetorum
854 1187 1134 1284 posteriorum
1165 1189 1299 1264 imita-

278 1312 437 1388 tionem
468 1322 508 1387 et
536 1313 589 1387 ad
618 1313 771 1388 librum
799 1317 949 1410 poetae
977 1314 1253 1410 posteriorem

582 1439 825 1516 referendae
853 1439 946 1514 sint.

338 1671 388 1734 Ne
413 1671 558 1734 rhetores
582 1671 713 1753 quidem
738 1672 769 1733 in
786 1672 901 1734 iisdem
919 1672 1098 1734 rationibus
1115 1671 1294 1736 fabularum
1397 1705 1399 1708 ·

229 1779 470 1842 tractandarum
495 1779 690 1842 adhibendis
713 1799 844 1860 semper
865 1780 949 1844 inter
964 1799 1000 1842 se
1016 1781 1196 1845 concinisse
1210 1799 1296 1856 eum,

229 1889 284 1970 qui
323 1897 614 1968 progymnasmata
652 1887 749 1948 nobis
787 1897 915 1950 seruata
953 1889 1154 1968 cognouerit,
1186 1887 1298 1968 sugere

228 1981 296 2057 non
342 1995 470 2076 poterit.
530 1993 639 2056 Hodie
685 2005 817 2075 quoque
860 1994 957 2058 nobis
1001 2004 1134 2058 exstant
1169 1994 1297 2058 fabulae

228 2102 445 2184 quadraginta
469 2101 653 2183 Aphthonii
677 2103 810 2165 nomine
833 2103 981 2176 traditae,
999 2121 1136 2184 quarum
1153 2103 1295 2166 Hausra·

227 2210 313 2273 thius
336 2210 355 2273 l.
381 2209 401 2273 l.
426 2230 501 2291 pag.
529 2226 592 2288 314
615 2208 787 2272 nonnullas
811 2209 981 2291 proferens
1004 2211 1121 2291 probat
1145 2209 1296 2291 Aphtho-

228 2319 315 2381 nium
347 2319 584 2397 »χαρακτῆρος
608 2317 779 2398 ἀφελοῦς»
807 2317 983 2382 adhibendi
1007 2317 1162 2380 artificem
1187 2316 1295 2380 fuisse.

228 2426 280 2488 Ex
315 2425 561 2507 Aphthonianis
596 2423 751 2487 Nicolaus
786 2425 934 2506 sophista
965 2424 1018 2506 (cf.
1044 2423 1219 2500 Schaeser.,
1244 2425 1296 2490 De

227 2532 422 2615 Aphthonio
456 2533 614 2614 sophista,
651 2553 726 2614 pag.
765 2534 817 2618 34)
841 2534 954 2596 decem
979 2542 1014 2595 ut
1035 2530 1297 2615 παραδείγματα

227 2639 336 2723 μύθου
372 2642 543 2722 prompsit,
572 2661 656 2722 quae
680 2661 766 2704 nunc
794 2641 882 2722 apud
907 2639 1010 2703 Walz.
1035 2641 1059 2716 I,
1084 2660 1160 2722 pag.
1187 2641 1295 2730 266-1

228 2749 291 2827 269
320 2747 478 2829 leguntur.
527 2747 667 2811 Fabulae
691 2748 876 2829 Aphthonii
899 2749 1053 2828 quoniam
1078 2768 1237 2828 nusquam
1263 2749 1294 2810 in

226 2877 323 2918 unum
361 2867 536 2938 congestas
571 2857 715 2918 inuenire
748 2855 826 2918 mihi
858 2853 954 2930 licuit,
980 2854 1094 2918 melius
1117 2855 1221 2918 uisum
1245 2865 1295 2918 est

225 2985 267 3026 ex
291 2965 338 3038 iis,
363 2984 445 3044 quas
467 2963 566 3026 habet
583 2962 746 3038 Nicolaus,
765 2965 806 3026 de
824 2965 948 3026 ratione
964 2963 1127 3026 scribendi
1144 2962 1294 3043 Aphtho-

225 3072 328 3134 niana
357 3071 508 3134 iudicare.
567 3069 664 3133 Nulla
696 3091 807 3134 earum
844 3073 961 3134 iustum
999 3070 1127 3160 fabulae
1161 3071 1292 3134 excedit

225 3181 369 3255 modum,
405 3181 492 3242 unde
526 3178 787 3242 concludendum
821 3188 871 3241 est
906 3179 948 3241 ab
984 3178 1179 3259 Aphthonio
1204 3197 1293 3260 prae·

225 3296 321 3367 cepta
355 3285 417 3362 illa,
450 3307 534 3369 quae
558 3287 600 3350 de
624 3286 740 3350 sabulis
764 3286 982 3350 extendendis
1006 3298 1038 3350 et
1063 3286 1294 3350 contrahendis

224 3393 324 3457 habet
352 3394 456 3470 The0,
483 3415 548 3456 non
573 3387 747 3456 obseruata
770 3414 851 3470 esse,
877 3415 983 3477 neque
1007 3415 1041 3456 re
1065 3414 1142 3457 uera
1165 3395 1197 3456 in
1222 3415 1292 3475 pro·

224 3504 463 3583 gymnasmatis
497 3523 608 3564 eorum
642 3503 839 3565 mentionem
865 3501 950 3566 facit.
999 3501 1090 3584 Quas
1115 3502 1290 3566 Hausrath.

224 3609 244 3672 l.
281 3609 300 3674 Ι.
336 3631 413 3692 pag.
452 3628 515 3691 314
551 3611 593 3672 ab
628 3610 824 3692 Aphthonio
849 3620 1004 3674 extensas
1027 3631 1099 3674 esse
1123 3610 1201 3673 dicit
1227 3621 1291 3674 tres

223 3717 358 3794 fabulas,
394 3719 426 3780 id
451 3739 524 3780 eam
547 3719 682 3781 obrem
707 3718 827 3782 factum
852 3728 911 3794 est,
936 3719 1024 3801 quod
1049 3739 1160 3781 earum
1184 3739 1290 3782 exem·

223 3823 326 3907 plaria
349 3825 498 3888 breuiora
528 3837 627 3901 erant,
653 3847 755 3917 quam¹
775 3837 810 3889 ut
834 3827 953 3890 rhetori
977 3825 1152 3908 placerent.
1200 3825 1291 3890 Cete-

222 3953 293 3996 rum
317 3954 358 3996 ne
381 3953 440 3996 eae
463 3934 595 4016 quidem
619 3935 754 3996 modum
779 3933 906 3998 Nicolai
927 3932 1107 3998 fabularum
1123 3944 1289 4016 superant.

223 4041 285 4104 His
319 4042 532 4104 consideratis
568 4061 634 4103 non
668 4041 784 4104 dubito
820 4063 891 4105 cum
914 4040 1099 4106 'Schaesero
1123 4040 1210 4126 (pag.
1238 4040 1290 4124 32)
1348 4025 1351 4033 ’

222 4159 363 4212 statuere
398 4148 626 4230 Aphthonium
666 4148 866 4212 »fabularum
890 4150 993 4212 abusu
1018 4149 1116 4212 fuisse
1138 4169 1289 4224 uacuum,
