3244 4868
214 627 395 708 exspectari
432 636 549 707 potest,
585 627 648 688 iam
666 673 668 680 ,
685 626 736 688 hic
759 626 824 687 iam
848 623 900 686 ille
924 635 1036 687 auctor
1060 623 1201 686 fabulam
1225 634 1282 686 aut

214 713 396 796 breuiorem
433 733 543 796 fe'cerit
578 745 635 796 aut
668 733 764 795 rebus
795 733 891 796 nouis
926 733 1046 794 additis
1075 732 1204 794 auxerit
1226 731 1284 794 aut'

214 841 284 905 aliis
320 842 426 904 modis
450 841 630 915 mutauerit,
656 859 676 902 a
699 841 871 922 proposito
894 850 1006 902 nostro
1030 839 1117 901 haud
1140 837 1279 901 alienum

214 950 272 1012 erit
296 947 423 1012 fabulas
446 950 478 1011 in
502 949 634 1010 ordines
657 948 817 1029 quosdam
842 947 1019 1027 dispositas
1042 967 1189 1010 seorsum
1213 945 1281 1008 dili·

215 1059 342 1136 gentius
366 1065 513 1121 tractare.
725 1123 728 1128 ,
770 1059 771 1062 ’

287 1149 289 1155 ’
326 1163 464 1233 Primum
490 1165 587 1244 igitur
611 1163 706 1236 uobis
730 1163 952 1244 inspiciendae
974 1173 1050 1225 sunt
1073 1181 1133 1224 eae
1143 1160 1280 1234 fabulae,

215 1291 297 1352 quae
333 1271 509 1333 maximam
543 1273 625 1334 inter
656 1292 692 1332 se
727 1270 968 1334 similitudinem
1005 1269 1208 1352 proferentes
1239 1271 1282 1330 ad

215 1380 319 1459 ipsum
367 1378 613 1440 fundamentum
660 1377 747 1452 illud,
793 1378 883 1458 quod
929 1377 1064 1440 fontium
1103 1377 1214 1456 Babrii¹
1249 1387 1282 1438 et

215 1485 350 1568 Phaedri
363 1505 538 1548 commune
551 1496 609 1559 est,
624 1505 722 1565 quam
736 1486 885 1565 proxime
895 1485 1065 1547 accedunt.
1091 1482 1185 1564 Quae
1194 1483 1281 1545 fabu-

215 1590 268 1654 lae
300 1595 389 1674 apud
423 1593 615 1667 Phaedrum,
646 1603 681 1654 ut
705 1593 963 1672 exspectandum
988 1604 1046 1666 est,
1072 1593 1216 1654 maxima
1239 1611 1281 1652 ex

216 1710 307 1780 parte
330 1699 401 1761 libri
426 1701 519 1780 primi
543 1709 633 1762 sunt:
710 1684 712 1688 ⁸

323 1805 456 1870 Phaedr.
494 1807 517 1882 1,
548 1825 636 1885 4:
659 1807 754 1869 Babr.
784 1822 839 1888 793
866 1806 999 1868 Phaedr.
1026 1807 1049 1882 Ι,
1074 1809 1095 1868 6
1118 1832 1162 1864 z
1186 1807 1280 1869 Babr.

217 1931 271 1991 24;
308 1910 443 1976 Phaedr.
480 1914 503 1989 Ι,
530 1913 734 1976 81Babr.
759 1932 817 1995 94;
844 1915 978 1976 Phaedr.
1004 1915 1026 1988 Ι,
1058 1931 1094 1976 12
1118 1939 1162 1972 z
1186 1914 1280 1977 Babr.

216 2039 272 2100 433
298 2021 432 2084 Phaedr.
459 2022 482 2094 Ι,
513 2039 549 2100 13
573 2047 619 2080 :z
642 2022 737 2084 Babr.
763 2037 819 2102 77;
846 2021 978 2083 l’haedr.
1004 2021 1028 2096 l,
1055 2038 1094 2083 22
1118 2015 1163 2078 ὲ
1187 2021 1281 2083 Babr.

217 2143 272 2208 27;
299 2127 434 2191 Phaedr.
460 2128 483 2203 Ι,
511 2145 552 2206 24
575 2125 619 2186 ;’-
643 2129 738 2191 Babr.
766 2131 822 2206 28;
849 2129 982 2191 Phaedr.
1009 2129 1047 2204 ΙΙ,
1075 2145 1092 2190 2
1117 2154 1161 2186 z
1185 2129 1280 2192 Babr.

217 2251 274 2311 22;
300 2235 434 2298 Phaedr.
461 2234 516 2310 lV,
542 2237 563 2297 6
586 2261 631 2292 z
654 2236 748 2319 Babr.
777 2253 831 2314 313

327 2333 443 2423 quibus
476 2363 518 2404 ex
555 2342 671 2405 fabulis
705 2342 923 2411 similitudinis
959 2342 1110 2424 exempla
1134 2345 1283 2424 excerpsi

216 2450 310 2511 haec:

216 2591 349 2654 Phaedr.
376 2593 399 2665 Ι,
425 2611 455 2670 4,
480 2593 515 2654 6:
541 2593 582 2654 Et
607 2613 703 2674 quem
728 2594 861 2656 tenebat
884 2615 940 2656 ore
963 2595 1084 2657 dimisit
1106 2595 1213 2657 cibum

537 2699 606 2763 Nec
619 2722 715 2782 quem
730 2702 863 2782 petebat
877 2702 960 2763 adeo
975 2704 1080 2782 potuit
1092 2713 1284 2784 tangere:

216 2807 311 2872 Babr.
339 2823 389 2888 79,
418 2822 449 2886 5:
529 2809 601 2870 ἀλλ’
627 2808 697 2869 οὐτ’
724 2807 855 2888 ἐκείνην
879 2806 980 2888 εὗρεν
996 2807 1094 2871 odd’d
1113 2809 1281 2895 βεβλήκει,

216 2951 350 3014 Phaedr.
376 2951 400 3025 Ι,
425 2952 455 3024 6,
484 2966 516 3029 7:
543 2952 647 3026 Nunc,
684 2953 797 3034 inquit,
822 2972 936 3016 omnes
959 2973 1044 3015 unus
1068 2955 1172 3016 exurit
1196 2953 1283 3016 lacus

538 3058 708 3141 Cogetque
732 3061 865 3122 miseras
890 3060 979 3122 arida
1002 3061 1081 3122 sede
1104 3063 1215 3124 emori.

537 3165 703 3248 Quidnam
715 3167 922 3242 suturumest,
931 3169 959 3230 si
969 3170 1084 3230 crearit
1094 3168 1284 3231 liberosl'=
1316 3249 1321 3256 ⁹

214 3273 311 3336 Babr.
339 3289 389 3350 24,
415 3273 449 3334 6:
542 3272 583 3350 ὃς
603 3273 672 3353 γὰρ
685 3273 790 3356 μόνος
800 3277 863 3336 νῦν
876 3273 1002 3361 λιβάδα
1014 3277 1129 3338 πᾶσαν
1142 3275 1282 3351 udaium,

536 3379 565 3442 ci
600 3379 642 3463 μὴ
666 3381 827 3464 πάθωμεν
849 3383 915 3444 τῶν
937 3383 1062 3459 κακῶν,
1088 3383 1150 3446 ἐὰν
1172 3381 1284 3465 γήμας

537 3487 655 3570 ὅμοιον
679 3489 771 3571 αὐτῷ
793 3487 928 3552 παιδίον
951 3510 979 3552 τι
1002 3488 1165 3571 γεννήσῃ;

218 3631 351 3692 Phaedr.
378 3631 401 3704 Ι,
428 3633 456 3705 8,
483 3650 518 3708 4:
544 3630 592 3694 Os
615 3631 807 3695 deuoratum
832 3633 924 3695 iauce
948 3653 1022 3696 cum
1047 3634 1193 3696 haereret
1218 3633 1283 3717 lupi

539 3846 686 3908 Tandem
713 3842 872 3927 persuasa
892 3861 942 3911 est
966 3851 1032 3911 iure
1048 3851 1184 3912 iurando
1197 3853 1284 3930 gruis

540 3952 709 4034 Gulaeque
734 3957 869 4036 credens
893 3955 966 4017 colli
992 3955 1238 4038 longitudinem,

538 4061 752 4126 Periculosam
779 4061 853 4124 lecit
877 4064 1070 4125 medicinam
1095 4063 1171 4145 lupi.
