3244 4868
739 371 888 431 „0-

283 585 413 646 (Irusius
437 586 521 646 enim
547 584 608 669 (ed.
634 605 709 664 pag.
736 583 811 666 248)
836 583 1022 646 obseruauit
1047 586 1236 664 rrragistrum
1257 587 1346 665 pueri

282 691 472 772 Palmyreni,
509 693 563 772 qui
598 690 725 753 tabulas
755 690 1046 766 AssendelltianaS,
1072 712 1155 773 quae
1179 703 1345 768 uocantur,

282 800 483 880 conscripsit,
508 800 655 860 codicem
681 799 875 862 Babrianum
899 800 1103 879 cognouisse,
1127 800 1158 860 in
1174 820 1239 880 quo
1257 801 1346 862 iuxta

282 905 485 969 choliambos
520 907 628 968 Babrii
659 907 755 967 etiam
780 907 914 968 trimetri
938 907 1015 968 recti
1039 907 1182 968 eiusdem
1207 909 1346 970 auctoris

284 1015 414 1076 nomine
449 1015 559 1096 scripti
587 1023 687 1078 erant.
736 1013 834 1096 Quod
864 1014 948 1074 enim
975 1012 1173 1096 magistellus
1196 1013 1247 1076 ille
1271 1015 1348 1079 dicit

283 1144 318 1184 se
353 1121 555 1184 choliambos
586 1121 704 1196 Babrii,
730 1141 794 1182 non
819 1121 945 1182 iambos
969 1120 1054 1205 (uide
1079 1121 1168 1184 Crus
1194 1123 1244 1185 ed.
1270 1143 1346 1203 pag.
1391 1115 1392 1118 ¹

285 1231 361 1310 248)
385 1229 624 1304 transscribere,
650 1249 689 1290 ea
713 1249 746 1290 re
770 1232 881 1308 aperte
905 1229 1048 1290 ostendit
1071 1249 1107 1290 se
1131 1230 1227 1291 etiam
1244 1231 1347 1292 trime·

202 1394 216 1407 ,,
283 1347 350 1398 tros
384 1347 489 1398 rectos
513 1337 621 1398 Babrii
646 1337 767 1397 dictare
792 1337 945 1416 potuisse.
994 1335 1103 1418 Quum
1128 1337 1224 1398 etiam
1242 1336 1372 1400 'Geor-¹

193 1465 196 1472 ·
284 1445 376 1524 gides
411 1443 663 1526 lexicographus
696 1444 858 1504 trimetros
882 1454 987 1505 rectos
1011 1443 1130 1506 Babrio
1154 1446 1346 1525 ascripserit,

284 1551 416 1613 Crusius
440 1553 503 1632 (ed.
530 1572 604 1632 pag.
632 1549 706 1635 248)
731 1552 806 1612 inde
830 1550 994 1612 concludit
1010 1553 1203 1634 antiquitate
1219 1551 1348 1614 labente

283 1657 507 1720 collectionem
543 1657 722 1720 fabularum
751 1658 922 1732 exstitisse,
948 1661 979 1720 in
1004 1679 1069 1740 qua
1093 1679 1158 1721 non
1182 1659 1282 1720 modo
1307 1659 1347 1720 s·
1440 1687 1441 1690 ¹

284 1765 378 1828 bulae
413 1785 488 1827 uere
523 1766 713 1840 Babrianae,
750 1766 807 1827 sed
837 1767 945 1832 etiam,
960 1765 1087 1828 fabulae
1113 1765 1293 1846 dactylicae
1317 1778 1349 1828 et

284 1873 442 1935 iambicae
481 1875 730 1935 continerentur.
781 1872 923 1936 Similem
963 1874 1060 1954 igitur
1098 1873 1212 1935 librum
1252 1894 1349 1936 manu

283 1981 438 2069 scriptum
474 2001 493 2041 a
526 1979 628 2042 Suida
654 1982 833 2043 adhibitum
859 2001 930 2042 esse
954 1981 1005 2058 ad,
1021 1967 1245 2042 coniciendum
1271 1982 1348 2043 mihi

207 2073 209 2077 ⁷
284 2087 416 2149 inclinat
440 2088 575 2150 animus
625 2087 756 2150 Crusius
781 2088 916 2170 (proleg.
945 2108 975 2171 p.
994 2087 1063 2172 XC)
1079 2099 1213 2152 tantum
1238 2090 1349 2150 statuit

284 2194 417 2257 Suidam
432 2195 578 2256 codicem
592 2194 786 2276 cognouisse
798 2197 831 2257 in
844 2217 908 2278 quo
921 2217 994 2258 cum
1006 2195 1197 2258 choliambis
1206 2197 1349 2277 mythica

284 2303 462 2364 coniuncta·
480 2314 597 2364 essent.
619 2379 621 2383 y
646 2302 681 2366 Si
705 2313 812 2365 autem
838 2305 870 2365 in
892 2305 964 2384 ipso
981 2304 1094 2366 codice
1112 2302 1247 2377 fabulae,
1266 2324 1349 2385 quae

284 2410 430 2471 uersibus
466 2408 535 2471 aliis
570 2411 774 2490 conscriptae
799 2421 900 2486 erant,
926 2412 1016 2472 iuxta
1040 2408 1166 2476 fabulas
1190 2430 1267 2472 uere
1291 2411 1349 2473 Ba·

286 2517 416 2578 brianas
451 2528 601 2597 receptae
637 2527 737 2592 erant,
768 2517 860 2580 lacile
884 2528 932 2580 est
957 2517 1133 2598 intelligere
1157 2517 1349 2580 diuisionem

285 2622 463 2686 fabularum
489 2627 722 2706 numerumque
746 2624 898 2687 librorum
918 2626 950 2687 in
968 2625 1022 2687 tali
1038 2625 1151 2687 codice
1168 2627 1349 2688 necessario

285 2731 380 2793 alium
418 2731 515 2792 luisse
550 2751 646 2811 quam
679 2733 710 2793 in
735 2732 912 2808 codicibus,
938 2734 990 2814 qui
1016 2731 1219 2794 choliambos
1242 2731 1350 2793 Babrii

284 2838 372 2900 solos
411 2838 629 2902 continebant.
678 2837 772 2920 Quae
811 2860 909 2920 quum
950 2840 993 2901 ita
1027 2838 1100 2913 sint,
1136 2859 1202 2900 non
1224 2838 1350 2900 dubito

284 2947 479 3008 statuerem
505 2944 585 3007 libro
610 2967 707 3008 manu
732 2947 853 3028 scripto
877 2945 998 3009 Suidae
1023 2945 1119 3008 talem
1145 2945 1241 3008 luisse
1263 2944 1349 3007 sabu-

284 3048 385 3117 lalum
411 3053 679 3126 distributionem,
707 3063 741 3115 ut
764 3053 878 3114 decem
903 3053 1113 3128 efficerentur,
1131 3073 1267 3134 quorum
1285 3053 1349 3121 duo

201 3215 204 3220 .
284 3159 486 3223 choliambos
514 3180 590 3222 uere
614 3161 803 3232 Babrianos
829 3162 926 3223 ceteri
951 3160 1162 3236 choliambos,
1187 3161 1350 3222 trimetros

285 3278 399 3342 rectoS,
426 3288 538 3332 uersus
562 3267 751 3348 dactylicos,
777 3285 888 3331 uersus
913 3269 1062 3350 politicos
1078 3269 1162 3336 inter
1178 3288 1213 3330 se
1231 3269 1350 3330 mixtos

284 3375 503 3437 continebant.
552 3373 646 3456 Quae
681 3396 731 3438 res
766 3375 852 3438 nullo
888 3377 988 3439 modo
1012 3397 1051 3438 eo
1076 3374 1234 3450 refellitur,
1260 3376 1349 3457 quod

285 3483 361 3544 dicit
397 3481 514 3544 Suidas
550 3480 675 3544 fabulas
710 3484 816 3545 Babrii
853 3482 1044 3546 choliambis
1076 3485 1212 3564 scriptas
1236 3483 1350 3545 decem

284 3589 371 3651 libris
406 3590 528 3652 diuisas
552 3610 631 3652 esse.
681 3591 742 3652 His
766 3593 850 3658 enim
876 3592 981 3653 uerbis
1005 3612 1079 3654 eum
1103 3593 1258 3654 maiorem
1283 3600 1351 3652 tan·

284 3707 350 3758 tum
389 3697 568 3760 fabularum
605 3718 771 3760 numerum
797 3700 979 3779 respexisse
1003 3720 1044 3760 ex
1069 3719 1108 3761 eo
1132 3698 1241 3760 uidere
1265 3697 1348 3773 licet,

285 3805 373 3887 quod
398 3804 489 3866 addit
515 3806 669 3868 Babrium·
680 3806 823 3886 mythos
840 3805 1015 3888 Aesopeos
1031 3826 1072 3866 ex
1089 3823 1187 3886 prosa
1204 3807 1350 3868 oratione

284 3913 333 3989 εἰς
370 3910 518 3994 ἔμμετρα
555 3914 586 3992 (i.
623 3933 650 3974 e.
688 3915 719 3976 in
756 3913 891 3975 sormam
931 3913 1096 3975 metricam
1132 3911 1350 3997 qualemlibet)

285 4017 392 4100 ἤγουν
404 4017 485 4098 τοὺς
497 4021 711 4106 χωλιάμβους
724 4020 776 4100 (cf.
793 4020 895 4082 Crusii
909 4022 1128 4082 testimonium
1146 4019 1348 4105 ιο)8081550,

284 4127 329 4190 Vt
355 4129 450 4212 igitur
474 4127 746 4194 nominisBabrii
771 4129 902 4212 ignarus
926 4127 1043 4196 Suidas
1068 4128 1125 4196 luit
1149 4130 1227 4215 (qua
1251 4131 1292 4196 de
1316 4149 1349 4194 re
