<?xml version="1.0" encoding="UTF-8"?>
<!DOCTYPE html PUBLIC "-//W3C//DTD XHTML 1.0 Transitional//EN"
    "http://www.w3.org/TR/xhtml1/DTD/xhtml1-transitional.dtd">
<html xmlns="http://www.w3.org/1999/xhtml" xml:lang="en" lang="en">
 <head>
  <title>
</title>
<meta http-equiv="Content-Type" content="text/html;charset=utf-8" />
  <meta name='ocr-system' content='tesseract 3.04.00' />
  <meta name='ocr-capabilities' content='ocr_page ocr_carea ocr_par ocr_line ocrx_word'/>
</head>
<body>
  <div class='ocr_page' id='page_1' title='image "./stvdiadefontibv00chrigoog_0167.png"; bbox 0 0 3260 4882; ppageno 0'>
   <div class='ocr_carea' id='block_1_1' title="bbox 754 430 880 496">
    <p class='ocr_par' dir='ltr' id='par_1_1' title="bbox 682 430 880 496">
     <span class='ocr_line' id='line_1_1' title="bbox 754 430 880 496; baseline 0 -34"><span class='ocrx_word' id='word_1_1' title='bbox 682 430 880 496; x_wconf 61' lang='grc'>555,</span> 
     </span>
    </p>
   </div>
   <div class='ocr_carea' id='block_1_2' title="bbox 246 609 1314 1464">
    <p class='ocr_par' dir='ltr' id='par_1_2' title="bbox 246 609 1314 1464">
     <span class='ocr_line' id='line_1_2' title="bbox 247 609 1313 712; baseline -0.001 -19"><span class='ocrx_word' id='word_1_2' title='bbox 247 631 431 712; x_wconf 90' lang='lat' dir='ltr'>delphicum</span> <span class='ocrx_word' id='word_1_3' title='bbox 456 630 542 706; x_wconf 88' lang='lat' dir='ltr'>illud,</span> <span class='ocrx_word' id='word_1_4' title='bbox 569 631 657 712; x_wconf 89' lang='lat' dir='ltr'>quod</span> <span class='ocrx_word' id='word_1_5' title='bbox 683 632 825 692; x_wconf 84' lang='lat' dir='ltr'>Xerxem</span> <span class='ocrx_word' id='word_1_6' title='bbox 851 651 1004 711; x_wconf 86' lang='lat' dir='ltr'>magnum</span> <span class='ocrx_word' id='word_1_7' title='bbox 1031 633 1201 711; x_wconf 89' lang='lat' dir='ltr'>imperium</span> <span class='ocrx_word' id='word_1_8' title='bbox 1226 609 1313 692; x_wconf 83' lang='lat' dir='ltr'>euer-</span> 
     </span>
     <span class='ocr_line' id='line_1_3' title="bbox 247 739 1313 818; baseline 0 -19"><span class='ocrx_word' id='word_1_9' title='bbox 247 759 354 800; x_wconf 87' lang='lat' dir='ltr'>surum</span> <span class='ocrx_word' id='word_1_10' title='bbox 391 757 463 800; x_wconf 91' lang='lat' dir='ltr'>esse</span> <span class='ocrx_word' id='word_1_11' title='bbox 498 740 727 818; x_wconf 89' lang='lat' dir='ltr'>pronuntiauit,</span> <span class='ocrx_word' id='word_1_12' title='bbox 757 739 920 800; x_wconf 85' lang='lat' dir='ltr'>imitantes</span> <span class='ocrx_word' id='word_1_13' title='bbox 944 739 1064 800; x_wconf 84' lang='lat' dir='ltr'>dixisse</span> <span class='ocrx_word' id='word_1_14' title='bbox 1089 758 1124 800; x_wconf 93' lang='lat' dir='ltr'>se</span> <span class='ocrx_word' id='word_1_15' title='bbox 1148 739 1313 800; x_wconf 90' lang='lat' dir='ltr'>uenditum</span> 
     </span>
     <span class='ocr_line' id='line_1_4' title="bbox 247 845 1312 927; baseline -0.002 -18"><span class='ocrx_word' id='word_1_16' title='bbox 247 846 420 909; x_wconf 81' lang='lat' dir='ltr'>drachmas</span> <span class='ocrx_word' id='word_1_17' title='bbox 455 845 524 907; x_wconf 87' lang='lat' dir='ltr'>illas</span> <span class='ocrx_word' id='word_1_18' title='bbox 561 845 646 908; x_wconf 94' lang='lat' dir='ltr'>mille</span> <span class='ocrx_word' id='word_1_19' title='bbox 681 847 886 908; x_wconf 88' lang='lat' dir='ltr'>inuenturum</span> <span class='ocrx_word' id='word_1_20' title='bbox 924 867 1004 908; x_wconf 88' lang='lat' dir='ltr'>esse.</span> <span class='ocrx_word' id='word_1_21' title='bbox 1054 845 1184 908; x_wconf 87' lang='lat' dir='ltr'>Crusius</span> <span class='ocrx_word' id='word_1_22' title='bbox 1214 867 1312 927; x_wconf 90' lang='lat' dir='ltr'>quum</span> 
     </span>
     <span class='ocr_line' id='line_1_5' title="bbox 246 952 1312 1038; baseline -0.002 -22"><span class='ocrx_word' id='word_1_23' title='bbox 246 954 313 1038; x_wconf 83' lang='lat' dir='ltr'>(l.&#39;l.</span> <span class='ocrx_word' id='word_1_24' title='bbox 333 975 363 1035; x_wconf 89' lang='lat' dir='ltr'>p.</span> <span class='ocrx_word' id='word_1_25' title='bbox 384 957 460 1033; x_wconf 86' lang='lat'>234)</span> <span class='ocrx_word' id='word_1_26' title='bbox 479 953 697 1034; x_wconf 87' lang='lat' dir='ltr'>Hartungium</span> <span class='ocrx_word' id='word_1_27' title='bbox 714 955 851 1034; x_wconf 88' lang='lat' dir='ltr'>uestigia</span> <span class='ocrx_word' id='word_1_28' title='bbox 868 952 1059 1034; x_wconf 86' lang='lat' dir='ltr'>religionum</span> <span class='ocrx_word' id='word_1_29' title='bbox 1074 954 1312 1034; x_wconf 85' lang='lat' dir='ltr'>peregrinarum</span> 
     </span>
     <span class='ocr_line' id='line_1_6' title="bbox 247 1061 1314 1143; baseline -0.004 -18"><span class='ocrx_word' id='word_1_30' title='bbox 247 1063 334 1143; x_wconf 89' lang='lat' dir='ltr'>apud</span> <span class='ocrx_word' id='word_1_31' title='bbox 360 1061 523 1123; x_wconf 81' lang='lat' dir='ltr'>Babil-um</span> <span class='ocrx_word' id='word_1_32' title='bbox 538 1062 751 1142; x_wconf 83' lang='lat' dir='ltr'>reperientem</span> <span class='ocrx_word' id='word_1_33' title='bbox 778 1063 957 1142; x_wconf 87' lang='lat' dir='ltr'>impugnat,</span> <span class='ocrx_word' id='word_1_34' title='bbox 984 1062 1015 1122; x_wconf 93' lang='lat' dir='ltr'>in</span> <span class='ocrx_word' id='word_1_35' title='bbox 1040 1081 1079 1122; x_wconf 84' lang='lat' dir='ltr'>eo</span> <span class='ocrx_word' id='word_1_36' title='bbox 1099 1061 1226 1141; x_wconf 89' lang='lat' dir='ltr'>iniquus</span> <span class='ocrx_word' id='word_1_37' title='bbox 1243 1079 1314 1122; x_wconf 86' lang='lat' dir='ltr'>esse</span> 
     </span>
     <span class='ocr_line' id='line_1_7' title="bbox 247 1167 1313 1249; baseline -0.004 -17"><span class='ocrx_word' id='word_1_38' title='bbox 247 1171 384 1242; x_wconf 85' lang='lat' dir='ltr'>uidetur,</span> <span class='ocrx_word' id='word_1_39' title='bbox 410 1169 498 1249; x_wconf 91' lang='lat' dir='ltr'>quod</span> <span class='ocrx_word' id='word_1_40' title='bbox 525 1169 619 1230; x_wconf 86' lang='lat' dir='ltr'>Babr.</span> <span class='ocrx_word' id='word_1_41' title='bbox 648 1183 697 1247; x_wconf 84' lang='lat'>30,</span> <span class='ocrx_word' id='word_1_42' title='bbox 723 1189 804 1230; x_wconf 80' lang='lat' dir='ltr'>uers</span> <span class='ocrx_word' id='word_1_43' title='bbox 831 1186 860 1245; x_wconf 87' lang='lat'>4,</span> <span class='ocrx_word' id='word_1_44' title='bbox 886 1188 951 1248; x_wconf 89' lang='lat' dir='ltr'>quo</span> <span class='ocrx_word' id='word_1_45' title='bbox 975 1188 1039 1229; x_wconf 85' lang='lat' dir='ltr'>una</span> <span class='ocrx_word' id='word_1_46' title='bbox 1063 1187 1137 1230; x_wconf 89' lang='lat' dir='ltr'>cum</span> <span class='ocrx_word' id='word_1_47' title='bbox 1159 1167 1253 1228; x_wconf 83' lang='lat' dir='ltr'>Babr.</span> <span class='ocrx_word' id='word_1_48' title='bbox 1271 1168 1313 1229; x_wconf 88' lang='lat'>68</span> 
     </span>
     <span class='ocr_line' id='line_1_8' title="bbox 247 1273 1314 1358; baseline -0.002 -20"><span class='ocrx_word' id='word_1_49' title='bbox 247 1287 438 1358; x_wconf 87' lang='lat' dir='ltr'>argumento</span> <span class='ocrx_word' id='word_1_50' title='bbox 464 1277 666 1356; x_wconf 67' lang='lat' dir='ltr'>grauissimo</span> <span class='ocrx_word' id='word_1_51' title='bbox 691 1286 726 1338; x_wconf 92' lang='lat' dir='ltr'>ut</span> <span class='ocrx_word' id='word_1_52' title='bbox 750 1275 901 1338; x_wconf 85' lang='lat' dir='ltr'>Babrium</span> <span class='ocrx_word' id='word_1_53' title='bbox 916 1275 1108 1337; x_wconf 84' lang='lat' dir='ltr'>ludaeorum</span> <span class='ocrx_word' id='word_1_54' title='bbox 1122 1273 1171 1336; x_wconf 90' lang='lat' dir='ltr'>uel</span> <span class='ocrx_word' id='word_1_55' title='bbox 1186 1274 1314 1336; x_wconf 87' lang='lat' dir='ltr'>Christi-</span> 
     </span>
     <span class='ocr_line' id='line_1_9' title="bbox 247 1382 1313 1464; baseline -0.002 -19"><span class='ocrx_word' id='word_1_56' title='bbox 247 1404 382 1446; x_wconf 91' lang='lat' dir='ltr'>anorum</span> <span class='ocrx_word' id='word_1_57' title='bbox 419 1383 609 1463; x_wconf 88' lang='lat' dir='ltr'>religionum</span> <span class='ocrx_word' id='word_1_58' title='bbox 647 1385 783 1464; x_wconf 89' lang='lat' dir='ltr'>peritum</span> <span class='ocrx_word' id='word_1_59' title='bbox 819 1399 891 1444; x_wconf 87' lang='lat' dir='ltr'>esse</span> <span class='ocrx_word' id='word_1_60' title='bbox 926 1382 1121 1457; x_wconf 83' lang='lat' dir='ltr'>ostenderet,</span> <span class='ocrx_word' id='word_1_61' title='bbox 1148 1403 1224 1444; x_wconf 89' lang='lat' dir='ltr'>usus</span> <span class='ocrx_word' id='word_1_62' title='bbox 1255 1392 1313 1458; x_wconf 88' lang='lat' dir='ltr'>est,</span> 
     </span>
    </p>
   </div>
   <div class='ocr_carea' id='block_1_3' title="bbox 248 1490 1431 1572">
    <p class='ocr_par' dir='ltr' id='par_1_3' title="bbox 248 1490 1431 1572">
     <span class='ocr_line' id='line_1_10' title="bbox 248 1490 1431 1572; baseline -0.001 -19"><span class='ocrx_word' id='word_1_63' title='bbox 248 1491 374 1554; x_wconf 90' lang='lat' dir='ltr'>silentio</span> <span class='ocrx_word' id='word_1_64' title='bbox 401 1491 526 1572; x_wconf 92' lang='lat' dir='ltr'>premit.</span> <span class='ocrx_word' id='word_1_65' title='bbox 575 1490 778 1572; x_wconf 87' lang='lat' dir='ltr'>Hartungius</span> <span class='ocrx_word' id='word_1_66' title='bbox 802 1491 826 1552; x_wconf 91' lang='lat' dir='ltr'>si</span> <span class='ocrx_word' id='word_1_67' title='bbox 853 1509 886 1552; x_wconf 94' lang='lat' dir='ltr'>re</span> <span class='ocrx_word' id='word_1_68' title='bbox 910 1509 986 1552; x_wconf 87' lang='lat' dir='ltr'>uera</span> <span class='ocrx_word' id='word_1_69' title='bbox 1010 1491 1136 1565; x_wconf 88' lang='lat' dir='ltr'>errauit,</span> <span class='ocrx_word' id='word_1_70' title='bbox 1162 1491 1192 1552; x_wconf 94' lang='lat' dir='ltr'>in</span> <span class='ocrx_word' id='word_1_71' title='bbox 1218 1511 1258 1551; x_wconf 93' lang='lat' dir='ltr'>eo</span> <span class='ocrx_word' id='word_1_72' title='bbox 1283 1491 1315 1552; x_wconf 93' lang='lat' dir='ltr'>id</span> <span class='ocrx_word' id='word_1_73' title='bbox 1427 1543 1431 1552; x_wconf 91' lang='lat'>.</span> 
     </span>
    </p>
   </div>
   <div class='ocr_carea' id='block_1_4' title="bbox 183 1597 1400 4258">
    <p class='ocr_par' dir='ltr' id='par_1_4' title="bbox 183 1597 1400 4258">
     <span class='ocr_line' id='line_1_11' title="bbox 249 1597 1400 1685; baseline -0.001 -25"><span class='ocrx_word' id='word_1_74' title='bbox 249 1599 363 1660; x_wconf 83' lang='lat' dir='ltr'>fecisse</span> <span class='ocrx_word' id='word_1_75' title='bbox 398 1599 535 1673; x_wconf 88' lang='lat' dir='ltr'>uidetur,</span> <span class='ocrx_word' id='word_1_76' title='bbox 572 1598 661 1678; x_wconf 86' lang='lat' dir='ltr'>quod</span> <span class='ocrx_word' id='word_1_77' title='bbox 697 1599 798 1660; x_wconf 86' lang='lat' dir='ltr'>credit</span> <span class='ocrx_word' id='word_1_78' title='bbox 834 1599 866 1659; x_wconf 92' lang='lat' dir='ltr'>id</span> <span class='ocrx_word' id='word_1_79' title='bbox 902 1597 1009 1660; x_wconf 87' lang='lat' dir='ltr'>Babrii</span> <span class='ocrx_word' id='word_1_80' title='bbox 1042 1599 1208 1678; x_wconf 90' lang='lat' dir='ltr'>proprium</span> <span class='ocrx_word' id='word_1_81' title='bbox 1232 1619 1313 1661; x_wconf 89' lang='lat' dir='ltr'>esse.</span> <span class='ocrx_word' id='word_1_82' title='bbox 1397 1679 1400 1685; x_wconf 27' lang='grc' dir='ltr'>Ι</span> 
     </span>
     <span class='ocr_line' id='line_1_12' title="bbox 248 1704 1314 1786; baseline -0.001 -19"><span class='ocrx_word' id='word_1_83' title='bbox 248 1706 375 1768; x_wconf 89' lang='lat' dir='ltr'>Praeter</span> <span class='ocrx_word' id='word_1_84' title='bbox 413 1705 504 1767; x_wconf 89' lang='lat' dir='ltr'>locos</span> <span class='ocrx_word' id='word_1_85' title='bbox 543 1707 606 1767; x_wconf 86' lang='lat' dir='ltr'>iam</span> <span class='ocrx_word' id='word_1_86' title='bbox 647 1707 688 1767; x_wconf 90' lang='lat' dir='ltr'>ab</span> <span class='ocrx_word' id='word_1_87' title='bbox 725 1706 910 1786; x_wconf 89' lang='lat' dir='ltr'>Hartungio</span> <span class='ocrx_word' id='word_1_88' title='bbox 945 1704 1089 1786; x_wconf 87' lang='lat' dir='ltr'>prolatos</span> <span class='ocrx_word' id='word_1_89' title='bbox 1113 1705 1154 1767; x_wconf 75' lang='lat' dir='ltr'>act</span> <span class='ocrx_word' id='word_1_90' title='bbox 1179 1704 1314 1767; x_wconf 85' lang='lat' dir='ltr'>similem</span> 
     </span>
     <span class='ocr_line' id='line_1_13' title="bbox 248 1801 1314 1894; baseline 0.001 -21"><span class='ocrx_word' id='word_1_91' title='bbox 248 1815 404 1894; x_wconf 85' lang='lat' dir='ltr'>originem</span> <span class='ocrx_word' id='word_1_92' title='bbox 442 1801 642 1875; x_wconf 85' lang='lat' dir='ltr'>referendam</span> <span class='ocrx_word' id='word_1_93' title='bbox 675 1833 746 1874; x_wconf 90' lang='lat' dir='ltr'>esse</span> <span class='ocrx_word' id='word_1_94' title='bbox 771 1813 878 1874; x_wconf 84' lang='lat' dir='ltr'>Babrii</span> <span class='ocrx_word' id='word_1_95' title='bbox 908 1831 940 1874; x_wconf 89' lang='lat'>11</span> <span class='ocrx_word' id='word_1_96' title='bbox 969 1812 1079 1874; x_wconf 88' lang='lat' dir='ltr'>Keller</span> <span class='ocrx_word' id='word_1_97' title='bbox 1103 1812 1121 1876; x_wconf 93' lang='lat' dir='ltr'>l.</span> <span class='ocrx_word' id='word_1_98' title='bbox 1147 1813 1165 1875; x_wconf 94' lang='lat' dir='ltr'>l.</span> <span class='ocrx_word' id='word_1_99' title='bbox 1193 1835 1223 1894; x_wconf 91' lang='lat' dir='ltr'>p.</span> <span class='ocrx_word' id='word_1_100' title='bbox 1252 1815 1314 1891; x_wconf 84' lang='lat'>328</span> 
     </span>
     <span class='ocr_line' id='line_1_14' title="bbox 249 1919 1316 2001; baseline 0 -20"><span class='ocrx_word' id='word_1_101' title='bbox 249 1923 382 1995; x_wconf 86' lang='lat' dir='ltr'>monuit,</span> <span class='ocrx_word' id='word_1_102' title='bbox 420 1941 516 2001; x_wconf 91' lang='lat' dir='ltr'>quam</span> <span class='ocrx_word' id='word_1_103' title='bbox 554 1922 630 2001; x_wconf 92' lang='lat' dir='ltr'>quin</span> <span class='ocrx_word' id='word_1_104' title='bbox 667 1921 708 1982; x_wconf 95' lang='lat' dir='ltr'>ad</span> <span class='ocrx_word' id='word_1_105' title='bbox 741 1920 940 1983; x_wconf 85' lang='lat' dir='ltr'>historiolam</span> <span class='ocrx_word' id='word_1_106' title='bbox 978 1919 1063 1982; x_wconf 89' lang='lat' dir='ltr'>illam</span> <span class='ocrx_word' id='word_1_107' title='bbox 1100 1923 1141 1983; x_wconf 91' lang='lat' dir='ltr'>de</span> <span class='ocrx_word' id='word_1_108' title='bbox 1165 1920 1316 1983; x_wconf 89' lang='lat' dir='ltr'>Simsone</span> 
     </span>
     <span class='ocr_line' id='line_1_15' title="bbox 249 2027 1314 2109; baseline -0.002 -19"><span class='ocrx_word' id='word_1_109' title='bbox 249 2039 409 2090; x_wconf 85' lang='lat' dir='ltr'>narratam</span> <span class='ocrx_word' id='word_1_110' title='bbox 436 2028 488 2109; x_wconf 83' lang='lat' dir='ltr'>(cf.</span> <span class='ocrx_word' id='word_1_111' title='bbox 515 2027 567 2090; x_wconf 92' lang='lat' dir='ltr'>lib.</span> <span class='ocrx_word' id='word_1_112' title='bbox 589 2028 737 2109; x_wconf 89' lang='lat' dir='ltr'>Judicum</span> <span class='ocrx_word' id='word_1_113' title='bbox 762 2049 833 2108; x_wconf 87' lang='lat' dir='ltr'>cap.</span> <span class='ocrx_word' id='word_1_114' title='bbox 865 2042 912 2106; x_wconf 84' lang='lat'>15,</span> <span class='ocrx_word' id='word_1_115' title='bbox 938 2034 971 2108; x_wconf 89' lang='lat'>4)</span> <span class='ocrx_word' id='word_1_116' title='bbox 996 2028 1138 2090; x_wconf 87' lang='lat' dir='ltr'>refictam</span> <span class='ocrx_word' id='word_1_117' title='bbox 1164 2049 1235 2090; x_wconf 90' lang='lat' dir='ltr'>esse</span> <span class='ocrx_word' id='word_1_118' title='bbox 1255 2049 1314 2089; x_wconf 92' lang='lat' dir='ltr'>suo</span> 
     </span>
     <span class='ocr_line' id='line_1_16' title="bbox 247 2134 1313 2218; baseline -0.001 -21"><span class='ocrx_word' id='word_1_119' title='bbox 247 2137 313 2198; x_wconf 90' lang='lat' dir='ltr'>iure</span> <span class='ocrx_word' id='word_1_120' title='bbox 348 2137 495 2197; x_wconf 84' lang='lat' dir='ltr'>statuerit</span> <span class='ocrx_word' id='word_1_121' title='bbox 519 2135 656 2197; x_wconf 89' lang='lat' dir='ltr'>dubitari</span> <span class='ocrx_word' id='word_1_122' title='bbox 681 2155 747 2197; x_wconf 89' lang='lat' dir='ltr'>non</span> <span class='ocrx_word' id='word_1_123' title='bbox 772 2146 889 2217; x_wconf 88' lang='lat' dir='ltr'>potest.</span> <span class='ocrx_word' id='word_1_124' title='bbox 938 2135 1077 2211; x_wconf 79' lang='lat' dir='ltr'>CrusiuS‚</span> <span class='ocrx_word' id='word_1_125' title='bbox 1103 2137 1158 2216; x_wconf 91' lang='lat' dir='ltr'>qui</span> <span class='ocrx_word' id='word_1_126' title='bbox 1182 2134 1211 2218; x_wconf 82' lang='lat' dir='ltr'>(l.</span> <span class='ocrx_word' id='word_1_127' title='bbox 1238 2134 1256 2198; x_wconf 91' lang='lat' dir='ltr'>l.</span> <span class='ocrx_word' id='word_1_128' title='bbox 1283 2156 1313 2216; x_wconf 92' lang='lat' dir='ltr'>p.</span> 
     </span>
     <span class='ocr_line' id='line_1_17' title="bbox 250 2241 1316 2326; baseline -0.001 -22"><span class='ocrx_word' id='word_1_129' title='bbox 250 2260 289 2322; x_wconf 87' lang='lat'>23</span> <span class='ocrx_word' id='word_1_130' title='bbox 297 2241 325 2326; x_wconf 80' lang='lat'>5)</span> <span class='ocrx_word' id='word_1_131' title='bbox 350 2244 391 2304; x_wconf 92' lang='lat' dir='ltr'>de</span> <span class='ocrx_word' id='word_1_132' title='bbox 414 2244 529 2304; x_wconf 86' lang='lat' dir='ltr'>eadem</span> <span class='ocrx_word' id='word_1_133' title='bbox 556 2243 664 2305; x_wconf 88' lang='lat' dir='ltr'>fabula</span> <span class='ocrx_word' id='word_1_134' title='bbox 687 2243 865 2305; x_wconf 86' lang='lat' dir='ltr'>luculenter</span> <span class='ocrx_word' id='word_1_135' title='bbox 881 2243 1067 2324; x_wconf 90' lang='lat' dir='ltr'>disputauit‚</span> <span class='ocrx_word' id='word_1_136' title='bbox 1086 2241 1205 2304; x_wconf 91' lang='lat' dir='ltr'>nullam</span> <span class='ocrx_word' id='word_1_137' title='bbox 1222 2244 1316 2304; x_wconf 86' lang='lat' dir='ltr'>huius</span> 
     </span>
     <span class='ocr_line' id='line_1_18' title="bbox 248 2335 1315 2431; baseline 0 -19"><span class='ocrx_word' id='word_1_138' title='bbox 248 2353 291 2412; x_wconf 89' lang='lat' dir='ltr'>rei</span> <span class='ocrx_word' id='word_1_139' title='bbox 328 2353 525 2412; x_wconf 88' lang='lat' dir='ltr'>mentionem</span> <span class='ocrx_word' id='word_1_140' title='bbox 563 2335 647 2412; x_wconf 85' lang='lat' dir='ltr'>lecit.</span> <span class='ocrx_word' id='word_1_141' title='bbox 697 2351 798 2431; x_wconf 86' lang='lat' dir='ltr'>Apud</span> <span class='ocrx_word' id='word_1_142' title='bbox 834 2349 998 2414; x_wconf 88' lang='lat' dir='ltr'>Kellerum</span> <span class='ocrx_word' id='word_1_143' title='bbox 1023 2351 1161 2412; x_wconf 91' lang='lat' dir='ltr'>eundem</span> <span class='ocrx_word' id='word_1_144' title='bbox 1187 2352 1315 2412; x_wconf 89' lang='lat' dir='ltr'>inuenio</span> 
     </span>
     <span class='ocr_line' id='line_1_19' title="bbox 249 2457 1316 2538; baseline 0.002 -20"><span class='ocrx_word' id='word_1_145' title='bbox 249 2458 438 2534; x_wconf 85' lang='lat' dir='ltr'>Robertum,</span> <span class='ocrx_word' id='word_1_146' title='bbox 460 2458 647 2532; x_wconf 87' lang='lat' dir='ltr'>Weberum,</span> <span class='ocrx_word' id='word_1_147' title='bbox 667 2458 960 2538; x_wconf 88' lang='lat' dir='ltr'>Landsbergerum,</span> <span class='ocrx_word' id='word_1_148' title='bbox 980 2459 1134 2520; x_wconf 86' lang='lat' dir='ltr'>Rothium</span> <span class='ocrx_word' id='word_1_149' title='bbox 1152 2459 1183 2520; x_wconf 93' lang='lat' dir='ltr'>in</span> <span class='ocrx_word' id='word_1_150' title='bbox 1201 2457 1316 2520; x_wconf 88' lang='lat' dir='ltr'>sabulis</span> 
     </span>
     <span class='ocr_line' id='line_1_20' title="bbox 249 2555 1316 2656; baseline 0 -30"><span class='ocrx_word' id='word_1_151' title='bbox 249 2565 412 2656; x_wconf 80' lang='lat' dir='ltr'>Aesopeis</span> <span class='ocrx_word' id='word_1_152' title='bbox 451 2587 522 2627; x_wconf 86' lang='lat' dir='ltr'>cum</span> <span class='ocrx_word' id='word_1_153' title='bbox 561 2565 799 2628; x_wconf 87' lang='lat' dir='ltr'>narrationibus</span> <span class='ocrx_word' id='word_1_154' title='bbox 834 2586 946 2628; x_wconf 89' lang='lat' dir='ltr'>sacrae</span> <span class='ocrx_word' id='word_1_155' title='bbox 981 2555 1158 2646; x_wconf 84' lang='lat' dir='ltr'>scripturae</span> <span class='ocrx_word' id='word_1_156' title='bbox 1192 2564 1316 2646; x_wconf 87' lang='lat' dir='ltr'>aliquot</span> 
     </span>
     <span class='ocr_line' id='line_1_21' title="bbox 183 2672 1317 2754; baseline 0 -20"><span class='ocrx_word' id='word_1_157' title='bbox 183 2673 184 2678; x_wconf 72' lang='grc'>’</span> <span class='ocrx_word' id='word_1_158' title='bbox 249 2674 487 2753; x_wconf 88' lang='lat' dir='ltr'>coniungendis</span> <span class='ocrx_word' id='word_1_159' title='bbox 510 2684 657 2736; x_wconf 88' lang='lat' dir='ltr'>uersatos</span> <span class='ocrx_word' id='word_1_160' title='bbox 681 2693 762 2747; x_wconf 89' lang='lat' dir='ltr'>esse,</span> <span class='ocrx_word' id='word_1_161' title='bbox 788 2675 942 2754; x_wconf 90' lang='lat' dir='ltr'>quoniam</span> <span class='ocrx_word' id='word_1_162' title='bbox 966 2684 1073 2736; x_wconf 85' lang='lat' dir='ltr'>autem</span> <span class='ocrx_word' id='word_1_163' title='bbox 1090 2694 1199 2742; x_wconf 91' lang='lat' dir='ltr'>eorum</span> <span class='ocrx_word' id='word_1_164' title='bbox 1218 2672 1317 2734; x_wconf 91' lang='lat' dir='ltr'>libros</span> 
     </span>
     <span class='ocr_line' id='line_1_22' title="bbox 248 2779 1316 2861; baseline 0 -20"><span class='ocrx_word' id='word_1_165' title='bbox 248 2779 415 2842; x_wconf 90' lang='lat' dir='ltr'>consulere</span> <span class='ocrx_word' id='word_1_166' title='bbox 439 2801 504 2842; x_wconf 90' lang='lat' dir='ltr'>non</span> <span class='ocrx_word' id='word_1_167' title='bbox 528 2780 624 2855; x_wconf 89' lang='lat' dir='ltr'>licuit,</span> <span class='ocrx_word' id='word_1_168' title='bbox 651 2783 692 2842; x_wconf 92' lang='lat' dir='ltr'>de</span> <span class='ocrx_word' id='word_1_169' title='bbox 715 2801 827 2842; x_wconf 88' lang='lat' dir='ltr'>eorum</span> <span class='ocrx_word' id='word_1_170' title='bbox 853 2783 1019 2843; x_wconf 87' lang='lat' dir='ltr'>sententiis</span> <span class='ocrx_word' id='word_1_171' title='bbox 1044 2782 1186 2843; x_wconf 90' lang='lat' dir='ltr'>iudicare</span> <span class='ocrx_word' id='word_1_172' title='bbox 1209 2801 1316 2861; x_wconf 90' lang='lat' dir='ltr'>super-</span> 
     </span>
     <span class='ocr_line' id='line_1_23' title="bbox 248 2887 1315 2970; baseline 0 -22"><span class='ocrx_word' id='word_1_173' title='bbox 248 2888 427 2949; x_wconf 89' lang='lat' dir='ltr'>sedendum</span> <span class='ocrx_word' id='word_1_174' title='bbox 452 2898 510 2950; x_wconf 90' lang='lat' dir='ltr'>est.</span> <span class='ocrx_word' id='word_1_175' title='bbox 558 2888 603 2951; x_wconf 94' lang='lat' dir='ltr'>Vt</span> <span class='ocrx_word' id='word_1_176' title='bbox 629 2900 737 2951; x_wconf 91' lang='lat' dir='ltr'>autem</span> <span class='ocrx_word' id='word_1_177' title='bbox 764 2900 920 2970; x_wconf 86' lang='lat' dir='ltr'>appareat</span> <span class='ocrx_word' id='word_1_178' title='bbox 945 2889 1096 2949; x_wconf 89' lang='lat' dir='ltr'>Babrium</span> <span class='ocrx_word' id='word_1_179' title='bbox 1121 2909 1185 2951; x_wconf 92' lang='lat' dir='ltr'>non</span> <span class='ocrx_word' id='word_1_180' title='bbox 1211 2887 1315 2950; x_wconf 89' lang='lat' dir='ltr'>solum</span> 
     </span>
     <span class='ocr_line' id='line_1_24' title="bbox 248 2995 1315 3077; baseline 0.001 -22"><span class='ocrx_word' id='word_1_181' title='bbox 248 2995 466 3076; x_wconf 88' lang='lat' dir='ltr'>sophistarum</span> <span class='ocrx_word' id='word_1_182' title='bbox 503 2997 535 3057; x_wconf 88' lang='lat' dir='ltr'>in</span> <span class='ocrx_word' id='word_1_183' title='bbox 569 2995 688 3058; x_wconf 88' lang='lat' dir='ltr'>talibus</span> <span class='ocrx_word' id='word_1_184' title='bbox 724 2997 922 3077; x_wconf 85' lang='lat' dir='ltr'>argumentis</span> <span class='ocrx_word' id='word_1_185' title='bbox 951 2996 1129 3057; x_wconf 85' lang='lat' dir='ltr'>tractandis</span> <span class='ocrx_word' id='word_1_186' title='bbox 1153 3007 1315 3058; x_wconf 89' lang='lat' dir='ltr'>uersatum</span> 
     </span>
     <span class='ocr_line' id='line_1_25' title="bbox 249 3101 1314 3184; baseline 0.002 -21"><span class='ocrx_word' id='word_1_187' title='bbox 249 3121 330 3176; x_wconf 88' lang='lat' dir='ltr'>esse,</span> <span class='ocrx_word' id='word_1_188' title='bbox 368 3101 475 3164; x_wconf 89' lang='lat' dir='ltr'>Halm.</span> <span class='ocrx_word' id='word_1_189' title='bbox 516 3105 574 3180; x_wconf 89' lang='lat'>138</span> <span class='ocrx_word' id='word_1_190' title='bbox 601 3103 708 3165; x_wconf 83' lang='lat' dir='ltr'>sabula</span> <span class='ocrx_word' id='word_1_191' title='bbox 732 3112 849 3178; x_wconf 84' lang='lat' dir='ltr'>exstat,</span> <span class='ocrx_word' id='word_1_192' title='bbox 876 3123 959 3184; x_wconf 90' lang='lat' dir='ltr'>quae</span> <span class='ocrx_word' id='word_1_193' title='bbox 983 3104 1060 3183; x_wconf 91' lang='lat' dir='ltr'>quin</span> <span class='ocrx_word' id='word_1_194' title='bbox 1085 3115 1129 3164; x_wconf 74' lang='lat' dir='ltr'>ex·</span> <span class='ocrx_word' id='word_1_195' title='bbox 1152 3102 1205 3165; x_wconf 91' lang='lat' dir='ltr'>lib.</span> <span class='ocrx_word' id='word_1_196' title='bbox 1232 3103 1314 3166; x_wconf 89' lang='lat' dir='ltr'>Mos.</span> 
     </span>
     <span class='ocr_line' id='line_1_26' title="bbox 249 3208 1317 3294; baseline 0.004 -26"><span class='ocrx_word' id='word_1_197' title='bbox 249 3208 271 3282; x_wconf 86' lang='lat' dir='ltr'>l,</span> <span class='ocrx_word' id='word_1_198' title='bbox 299 3225 326 3288; x_wconf 85' lang='lat'>3,</span> <span class='ocrx_word' id='word_1_199' title='bbox 358 3224 484 3289; x_wconf 85' lang='lat'>17-19</span> <span class='ocrx_word' id='word_1_200' title='bbox 497 3221 568 3271; x_wconf 88' lang='lat' dir='ltr'>orta</span> <span class='ocrx_word' id='word_1_201' title='bbox 581 3212 621 3271; x_wconf 91' lang='lat' dir='ltr'>sit</span> <span class='ocrx_word' id='word_1_202' title='bbox 641 3212 789 3273; x_wconf 85' lang='lat' dir='ltr'>dubitare</span> <span class='ocrx_word' id='word_1_203' title='bbox 807 3231 872 3272; x_wconf 92' lang='lat' dir='ltr'>non</span> <span class='ocrx_word' id='word_1_204' title='bbox 892 3230 1025 3291; x_wconf 84' lang='lat' dir='ltr'>possum</span> <span class='ocrx_word' id='word_1_205' title='bbox 1046 3210 1095 3294; x_wconf 85' lang='lat' dir='ltr'>[cl.</span> <span class='ocrx_word' id='word_1_206' title='bbox 1119 3210 1317 3288; x_wconf 71' lang='grc' dir='ltr'>»στένοντες</span> 
     </span>
     <span class='ocr_line' id='line_1_27' title="bbox 250 3315 1323 3396; baseline 0.004 -20"><span class='ocrx_word' id='word_1_207' title='bbox 250 3315 318 3394; x_wconf 86' lang='grc' dir='ltr'>γὰρ</span> <span class='ocrx_word' id='word_1_208' title='bbox 342 3315 449 3396; x_wconf 81' lang='grc' dir='ltr'>αὐτὴν</span> <span class='ocrx_word' id='word_1_209' title='bbox 472 3315 528 3378; x_wconf 87' lang='grc' dir='ltr'>καὶ</span> <span class='ocrx_word' id='word_1_210' title='bbox 552 3317 728 3396; x_wconf 74' lang='grc' dir='ltr'>κλαίοντες</span> <span class='ocrx_word' id='word_1_211' title='bbox 746 3315 1005 3380; x_wconf 77' lang='grc' dir='ltr'>ἀποδώσουσιν»</span> <span class='ocrx_word' id='word_1_212' title='bbox 1021 3344 1065 3375; x_wconf 81' lang='grc'>·-.</span> <span class='ocrx_word' id='word_1_213' title='bbox 1083 3319 1154 3380; x_wconf 88' lang='lat' dir='ltr'>»Du</span> <span class='ocrx_word' id='word_1_214' title='bbox 1170 3317 1250 3379; x_wconf 83' lang='lat' dir='ltr'>shall</span> <span class='ocrx_word' id='word_1_215' title='bbox 1264 3321 1323 3380; x_wconf 75' lang='lat' dir='ltr'>ata</span> 
     </span>
     <span class='ocr_line' id='line_1_28' title="bbox 249 3423 1317 3507; baseline 0.003 -23"><span class='ocrx_word' id='word_1_216' title='bbox 249 3424 309 3484; x_wconf 91' lang='lat' dir='ltr'>ditt</span> <span class='ocrx_word' id='word_1_217' title='bbox 345 3424 426 3485; x_wconf 80' lang='lat' dir='ltr'>brdd</span> <span class='ocrx_word' id='word_1_218' title='bbox 463 3425 472 3485; x_wconf 94' lang='lat' dir='ltr'>i</span> <span class='ocrx_word' id='word_1_219' title='bbox 508 3425 569 3488; x_wconf 91' lang='lat' dir='ltr'>ditt</span> <span class='ocrx_word' id='word_1_220' title='bbox 592 3423 716 3488; x_wconf 85' lang='lat' dir='ltr'>anletes</span> <span class='ocrx_word' id='word_1_221' title='bbox 740 3435 842 3488; x_wconf 76' lang='lat' dir='ltr'>snett»</span> <span class='ocrx_word' id='word_1_222' title='bbox 872 3427 1015 3507; x_wconf 87' lang='lat' dir='ltr'>(sueticis</span> <span class='ocrx_word' id='word_1_223' title='bbox 1040 3426 1147 3488; x_wconf 88' lang='lat' dir='ltr'>uerbis</span> <span class='ocrx_word' id='word_1_224' title='bbox 1171 3425 1247 3487; x_wconf 93' lang='lat' dir='ltr'>mihi</span> <span class='ocrx_word' id='word_1_225' title='bbox 1273 3427 1317 3487; x_wconf 90' lang='lat' dir='ltr'>uti</span> 
     </span>
     <span class='ocr_line' id='line_1_29' title="bbox 249 3526 1315 3617; baseline 0.003 -26"><span class='ocrx_word' id='word_1_226' title='bbox 249 3529 396 3614; x_wconf 82' lang='lat' dir='ltr'>liceatl)].</span> <span class='ocrx_word' id='word_1_227' title='bbox 438 3531 546 3612; x_wconf 87' lang='lat' dir='ltr'>Quum</span> <span class='ocrx_word' id='word_1_228' title='bbox 572 3534 603 3594; x_wconf 92' lang='lat' dir='ltr'>in</span> <span class='ocrx_word' id='word_1_229' title='bbox 621 3535 735 3595; x_wconf 90' lang='lat' dir='ltr'>ceteris</span> <span class='ocrx_word' id='word_1_230' title='bbox 753 3533 869 3595; x_wconf 87' lang='lat' dir='ltr'>fabulis</span> <span class='ocrx_word' id='word_1_231' title='bbox 886 3534 1095 3596; x_wconf 87' lang='lat' dir='ltr'>Prometheus</span> <span class='ocrx_word' id='word_1_232' title='bbox 1112 3532 1162 3617; x_wconf 84' lang='lat' dir='ltr'>(cl.</span> <span class='ocrx_word' id='word_1_233' title='bbox 1181 3526 1315 3595; x_wconf 85' lang='lat' dir='ltr'>Phaedr.</span> 
     </span>
     <span class='ocr_line' id='line_1_30' title="bbox 249 3627 1315 3722; baseline 0.004 -24"><span class='ocrx_word' id='word_1_234' title='bbox 249 3637 305 3711; x_wconf 86' lang='lat' dir='ltr'>tv,</span> <span class='ocrx_word' id='word_1_235' title='bbox 336 3640 389 3713; x_wconf 73' lang='lat'>16,</span> <span class='ocrx_word' id='word_1_236' title='bbox 415 3639 510 3701; x_wconf 87' lang='lat' dir='ltr'>Babr.</span> <span class='ocrx_word' id='word_1_237' title='bbox 536 3641 588 3714; x_wconf 81' lang='lat'>66,</span> <span class='ocrx_word' id='word_1_238' title='bbox 616 3639 646 3722; x_wconf 85' lang='lat'>2)</span> <span class='ocrx_word' id='word_1_239' title='bbox 669 3641 837 3703; x_wconf 90' lang='lat' dir='ltr'>hominum</span> <span class='ocrx_word' id='word_1_240' title='bbox 862 3627 987 3703; x_wconf 82' lang='lat' dir='ltr'>creator</span> <span class='ocrx_word' id='word_1_241' title='bbox 1011 3642 1181 3714; x_wconf 90' lang='lat' dir='ltr'>inducitur,</span> <span class='ocrx_word' id='word_1_242' title='bbox 1208 3640 1315 3702; x_wconf 90' lang='lat' dir='ltr'>Halm.</span> 
     </span>
     <span class='ocr_line' id='line_1_31' title="bbox 254 3747 1316 3829; baseline 0.003 -24"><span class='ocrx_word' id='word_1_243' title='bbox 254 3747 313 3822; x_wconf 83' lang='lat'>138</span> <span class='ocrx_word' id='word_1_244' title='bbox 338 3757 370 3806; x_wconf 91' lang='lat' dir='ltr'>et</span> <span class='ocrx_word' id='word_1_245' title='bbox 400 3759 460 3824; x_wconf 86' lang='lat'>150</span> <span class='ocrx_word' id='word_1_246' title='bbox 479 3747 606 3826; x_wconf 89' lang='lat' dir='ltr'>Jouem,</span> <span class='ocrx_word' id='word_1_247' title='bbox 632 3750 721 3809; x_wconf 87' lang='lat' dir='ltr'>cuius</span> <span class='ocrx_word' id='word_1_248' title='bbox 745 3748 806 3809; x_wconf 89' lang='lat' dir='ltr'>sub</span> <span class='ocrx_word' id='word_1_249' title='bbox 830 3768 970 3829; x_wconf 84' lang='lat' dir='ltr'>persona</span> <span class='ocrx_word' id='word_1_250' title='bbox 983 3748 1107 3829; x_wconf 89' lang='lat' dir='ltr'>Jehoua</span> <span class='ocrx_word' id='word_1_251' title='bbox 1120 3749 1316 3828; x_wconf 87' lang='lat' dir='ltr'>Judaeorum</span> 
     </span>
     <span class='ocr_line' id='line_1_32' title="bbox 249 3851 1315 3942; baseline 0.004 -30"><span class='ocrx_word' id='word_1_252' title='bbox 249 3851 348 3913; x_wconf 85' lang='lat' dir='ltr'>latere</span> <span class='ocrx_word' id='word_1_253' title='bbox 372 3853 508 3929; x_wconf 90' lang='lat' dir='ltr'>uidetur,</span> <span class='ocrx_word' id='word_1_254' title='bbox 534 3856 635 3915; x_wconf 94' lang='lat' dir='ltr'>uirum</span> <span class='ocrx_word' id='word_1_255' title='bbox 661 3865 693 3916; x_wconf 87' lang='lat' dir='ltr'>et</span> <span class='ocrx_word' id='word_1_256' title='bbox 719 3854 868 3916; x_wconf 85' lang='lat' dir='ltr'>feminam</span> <span class='ocrx_word' id='word_1_257' title='bbox 895 3855 1029 3936; x_wconf 83' lang='lat' dir='ltr'>finxisse</span> <span class='ocrx_word' id='word_1_258' title='bbox 1051 3856 1231 3942; x_wconf 87' lang='lat' dir='ltr'>perhibent.</span> <span class='ocrx_word' id='word_1_259' title='bbox 1280 3857 1315 3917; x_wconf 92' lang='lat' dir='ltr'>ld</span> 
     </span>
     <span class='ocr_line' id='line_1_33' title="bbox 249 3963 1315 4044; baseline 0.004 -24"><span class='ocrx_word' id='word_1_260' title='bbox 249 3979 379 4041; x_wconf 91' lang='lat' dir='ltr'>quoque</span> <span class='ocrx_word' id='word_1_261' title='bbox 409 3981 468 4041; x_wconf 92' lang='lat' dir='ltr'>pro</span> <span class='ocrx_word' id='word_1_262' title='bbox 493 3963 627 4042; x_wconf 84' lang='lat' dir='ltr'>origine,</span> <span class='ocrx_word' id='word_1_263' title='bbox 653 3983 750 4043; x_wconf 89' lang='lat' dir='ltr'>quam</span> <span class='ocrx_word' id='word_1_264' title='bbox 776 3964 853 4037; x_wconf 85' lang='lat' dir='ltr'>dixi,</span> <span class='ocrx_word' id='word_1_265' title='bbox 879 3965 986 4024; x_wconf 91' lang='lat' dir='ltr'>testari</span> <span class='ocrx_word' id='word_1_266' title='bbox 1012 3963 1147 4037; x_wconf 90' lang='lat' dir='ltr'>uidetur,</span> <span class='ocrx_word' id='word_1_267' title='bbox 1173 3963 1260 4044; x_wconf 91' lang='lat' dir='ltr'>quod</span> <span class='ocrx_word' id='word_1_268' title='bbox 1286 3965 1315 4024; x_wconf 90' lang='lat' dir='ltr'>in</span> 
     </span>
     <span class='ocr_line' id='line_1_34' title="bbox 250 4067 1318 4147; baseline 0.004 -19"><span class='ocrx_word' id='word_1_269' title='bbox 250 4067 358 4130; x_wconf 89' lang='lat' dir='ltr'>Halm.</span> <span class='ocrx_word' id='word_1_270' title='bbox 389 4071 448 4147; x_wconf 88' lang='lat'>138</span> <span class='ocrx_word' id='word_1_271' title='bbox 474 4069 557 4130; x_wconf 85' lang='lat' dir='ltr'>Zeus</span> <span class='ocrx_word' id='word_1_272' title='bbox 581 4068 756 4144; x_wconf 88' lang='lat' dir='ltr'>hominem,</span> <span class='ocrx_word' id='word_1_273' title='bbox 782 4080 816 4131; x_wconf 90' lang='lat' dir='ltr'>ut</span> <span class='ocrx_word' id='word_1_274' title='bbox 840 4069 975 4142; x_wconf 89' lang='lat' dir='ltr'>foderet,</span> <span class='ocrx_word' id='word_1_275' title='bbox 1001 4072 1032 4131; x_wconf 96' lang='lat' dir='ltr'>in</span> <span class='ocrx_word' id='word_1_276' title='bbox 1057 4082 1172 4132; x_wconf 87' lang='lat' dir='ltr'>terram</span> <span class='ocrx_word' id='word_1_277' title='bbox 1192 4071 1318 4132; x_wconf 89' lang='lat' dir='ltr'>misisse</span> 
     </span>
     <span class='ocr_line' id='line_1_35' title="bbox 249 4173 1318 4258; baseline 0.002 -22"><span class='ocrx_word' id='word_1_278' title='bbox 249 4173 299 4258; x_wconf 83' lang='lat' dir='ltr'>(cl.</span> <span class='ocrx_word' id='word_1_279' title='bbox 328 4174 381 4236; x_wconf 89' lang='lat' dir='ltr'>lib.</span> <span class='ocrx_word' id='word_1_280' title='bbox 408 4176 490 4238; x_wconf 84' lang='lat' dir='ltr'>Mos</span> <span class='ocrx_word' id='word_1_281' title='bbox 517 4176 540 4251; x_wconf 95' lang='lat' dir='ltr'>l,</span> <span class='ocrx_word' id='word_1_282' title='bbox 564 4193 591 4255; x_wconf 82' lang='lat'>3,</span> <span class='ocrx_word' id='word_1_283' title='bbox 612 4194 628 4238; x_wconf 89' lang='lat'>2</span> <span class='ocrx_word' id='word_1_284' title='bbox 633 4194 667 4256; x_wconf 78' lang='lat'>3:</span> <span class='ocrx_word' id='word_1_285' title='bbox 690 4176 781 4239; x_wconf 85' lang='lat' dir='ltr'>»Och</span> <span class='ocrx_word' id='word_1_286' title='bbox 799 4177 923 4239; x_wconf 87' lang='lat' dir='ltr'>Herren</span> <span class='ocrx_word' id='word_1_287' title='bbox 942 4178 1015 4238; x_wconf 90' lang='lat' dir='ltr'>Gud</span> <span class='ocrx_word' id='word_1_288' title='bbox 1035 4177 1197 4239; x_wconf 73' lang='lat' dir='ltr'>sorvisade</span> <span class='ocrx_word' id='word_1_289' title='bbox 1213 4178 1318 4239; x_wconf 92' lang='lat' dir='ltr'>henne</span> 
     </span>
    </p>
   </div>
   <div class='ocr_carea' id='block_1_5' title="bbox 0 0 1638 4882">
    <p class='ocr_par' dir='ltr' id='par_1_5' title="bbox 0 0 1638 4882">
     <span class='ocr_line' id='line_1_36' title="bbox 0 0 1638 4882; baseline 0 0"><span class='ocrx_word' id='word_1_290' title='bbox 0 0 1638 4882; x_wconf 95' lang='lat' dir='ltr'> </span> 
     </span>
    </p>
   </div>
  </div>
 </body>
</html>
