3260 4882
795 401 1038 482 ·-9a-·

344 617 483 700 Libyam
520 621 579 680 iter
603 599 716 680 lacere.
765 618 871 679 Etiam
897 616 1146 697 Aristophaneo,
1172 613 1224 699 qul
1250 597 1344 680 aliam
1370 599 1411 680 de

343 746 421 807 grue
444 727 611 788 historiam
637 727 819 806 respexisse
842 725 978 799 uidetur,
1003 745 1082 786 aues
1103 723 1173 788 illas
1189 727 1324 788 sementi
1344 746 1409 806 per-

343 816 461 896 niciem
495 834 664 895 afferentes
695 843 870 894 auctumno
895 834 925 894 in
952 831 1093 912 Libyam
1118 833 1278 913 proficisci
1300 834 1408 908 docet,

343 940 382 1002 cl.
420 962 469 1003 au.
508 955 584 1020 710:
625 926 792 1019 »onsr'peuss
824 939 893 1022 par,
923 939 1006 1001 litor
1028 938 1179 1019 ra'povog
1200 938 1410 1020 κρώζουσ’ὲς

342 1046 402 1127 τὴν
426 1045 562 1134 Λιβύην.
583 1045 790 1129 μεταχώρῃ».
839 1047 925 1109 Hinc
949 1046 1036 1108 haud
1061 1045 1161 1108 dubie
1177 1046 1408 1128 explicandum

342 1165 392 1216 est
415 1157 582 1236 epitheton
608 1154 684 1216 illud
713 1153 925 1240 illirium»,
950 1156 1038 1236 quod
1063 1155 1134 1236 grui
1158 1155 1250 1217 addit
1273 1155 1410 1217 Babrius

346 1262 421 1346 (65),
440 1283 544 1343 neque
561 1262 692 1323 Kellero
709 1261 727 1322 l.
746 1260 764 1324 l.
783 1281 858 1342 pag.
879 1261 940 1340 358
954 1263 1196 1324 assentiendum
1209 1281 1281 1324 esse
1293 1281 1411 1324 censeo

341 1371 454 1450 gruem
490 1372 534 1431 ita
569 1369 776 1449 appellatam
802 1388 883 1443 esse,
909 1371 997 1450 quod
1020 1369 1158 1432 Babrius
1182 1353 1407 1450 argumentum

341 1498 360 1538 e
383 1477 573 1539 collectione
591 1475 770 1538 fabularum
788 1475 946 1556 Cybissae
963 1477 1139 1558 petiuisset.
1181 1478 1276 1539 Hanc
1292 1497 1405 1559 gruum

343 1585 647 1665 peregrinationem,
688 1599 801 1665 quam·
824 1586 955 1664 agmine
993 1587 1170 1647 constituto
1209 1603 1265 1648 eas
1304 1584 1408 1648 lacere

340 1694 456 1753 eodem
492 1688 564 1753 loco
600 1691 757 1753 Aelianus
792 1702 909 1766 narrat,
944 1693 1070 1754 animos
1104 1703 1137 1754 et
1170 1699 1339 1773 poetarum
1375 1705 1409 1755 et

340 1808 507 1861 auctorum
543 1799 695 1860 naturalis
731 1800 883 1862 historiae
917 1798 1044 1861 allicere
1072 1801 1219 1880 potuisse
1242 1800 1335 1862 facile
1358 1811 1408 1862 est

341 1906 527 1988 intelligere.
576 1906 674 1988 Quod
700 1925 795 1986 grues
818 1908 949 1988 agmine
973 1906 1093 1982 uolam,
1119 1909 1194 1970 inde
1219 1909 1281 1970 iam
1299 1919 1407 1970 aetate

340 2015 473 2076 Homeri
510 2013 737 2076 concluserunt
773 2015 921 2076 homines
955 2033 1011 2076 eas
1035 2016 1066 2078 in
1086 2014 1209 2077 belluni
1235 2015 1405 2096 proficisci.

340 2123 419 2184 lnde
443 2111 540 2203 igitur
564 2121 615 2183 illa
639 2124 680 2183 de
704 2119 789 2182 bello
814 2141 928 2202 gruum
954 2132 985 2184 et
1010 2123 1245 2203 Pygmaeorum
1263 2124 1405 2185 historia.

339 2230 423 2292 Nam
459 2229 710 2310 explicationem
747 2228 876 2291 Aeliani
900 2228 977 2314 (nat.
1004 2249 1053 2291 an.
1080 2229 1152 2306 XV,
1180 2229 1232 2314 29)
1267 2230 1407 2310 abipso

339 2337 511 2399 confictam
541 2357 614 2398 esse
636 2357 764 2398 censeo
813 2335 977 2400 Auctores
1000 2347 1107 2399 autern
1133 2337 1286 2400 naturalis
1310 2337 1406 2400 bisto-

339 2447 404 2507 riae
417 2465 516 2526 quum
531 2463 661 2506 causam
676 2426 1076 2526 peregrinationisgruum
1094 2461 1259 2526 exponere
1276 2444 1405 2520 uellent,

339 2555 366 2614 ei
393 2552 562 2633 plurimum
587 2553 630 2613 rei
647 2552 796 2614 tribuisse
812 2552 889 2613 mihi
906 2554 1064 2627 uidentur,
1082 2555 1171 2634 quod
1187 2553 1293 2615 hieme
1309 2571 1407 2634 grues

338 2663 369 2722 in
404 2661 496 2722 terris
520 2661 580 2721 sub
604 2660 878 2740 septentrionibus
901 2661 970 2722 sitis
994 2659 1145 2722 alimenta
1170 2661 1314 2722 inuenire
1338 2680 1404 2722 non

339 2778 485 2848 possunt.
533 2767 591 2829 Cui
628 2768 670 2828 rei
696 2769 926 2829 conuenienter
950 2767 1106 2829 Aelianus
1130 2767 1206 2851 (nat.
1232 2787 1283 2829 an.
1309 2769 1348 2841 ll,
1379 2767 1406 2851 1)

338 2876 434 2936 docet
469 2893 534 2948 aaa,
572 2894 670 2955 quum
708 2876 738 2935 in
775 2875 967 2955 Aegyptum
1001 2877 1154 2950 uenerint,
1184 2871 1406 2954 »σπείροντας

337 2979 418 3058 τοὺς
441 2981 646 3060 Αἰγυπτίους
673 2983 976 3068 καταλαμβάνειν.»
1026 2981 1093 3044 Sed
1113 2981 1216 3046 simile
1233 2982 1298 3045 fere
1313 3001 1405 3064 argu-

338 3099 481 3151 mentum
507 3100 555 3150 est
579 3091 675 3150 etiam
707 3089 835 3152 fabulae
859 3089 965 3152 Babrii
991 3088 1041 3172 (cf.
1066 3089 1127 3169 thr
1147 3089 1259 3170 χώρην
1282 3092 1405 3170 tonan·

337 3196 439 3279 μένην
461 3196 588 3279 nupirrp
613 3195 715 3281 σίτῳ).
764 3199 989 3260 Narrationem
1012 3198 1117 3278 igitur,
1135 3219 1219 3279 quae
1234 3219 1292 3260 cur
1309 3219 1405 3280 gnres

335 3325 353 3365 e
377 3307 468 3367 terris
492 3305 800 3386 septentrionalibus
825 3308 856 3368 in
883 3305 1028 3368 Africam
1047 3306 1204 3386 sugerent,
1223 3306 1403 3382 illustraret,

338 3412 499 3474 nonnullis
535 3412 669 3475 fortasse
693 3415 825 3476 mutatis
849 3392 945 3475 etiam
971 3415 1002 3474 in
1027 3413 1187 3494 syllogarn
1215 3411 1402 3496 Aesopeam

336 3541 353 3581 e
389 3519 579 3582 collectione
614 3521 768 3583 naturalis
803 3521 965 3596 historiae,
997 3541 1195 3603 quamquam
1220 3524 1251 3584 in
1276 3520 1404 3602 scriptis
1457 3535 1459 3539 '

336 3629 430 3690 nobis
454 3631 589 3691 seruatis
613 3649 685 3690 eam
711 3630 853 3690 inuenire
877 3642 942 3690 non
967 3628 1049 3702 licet,
1075 3631 1241 3709 irrepsisse
1263 3629 1411 3710 indeque

337 3757 355 3798 a
380 3735 498 3798 llabrio
523 3737 657 3818 petitam
683 3736 872 3798 esselacile
896 3739 1004 3798 credo.
1088 3745 1089 3748 ’

442 3845 598 3906 Fabulam
635 3847 676 3924 47
713 3864 731 3904 e
765 3844 957 3906 collectione
993 3844 1210 3924 sophistarum
1241 3845 1403 3908 aBabrio

335 3953 482 4013 haustam
508 3973 579 4013 esse
605 3952 735 4013 Crusius
759 3951 801 4035 (in
826 3951 1084 4031 encyclopaedia
1108 3951 1403 4032 Pauly-Wissowae

337 4079 410 4140 pag.
450 4058 546 4141 2662)
583 4060 774 4134 narratione,
807 4078 902 4139 quam
929 4058 1115 4120 Plutarchus
1139 4061 1194 4140 (de
1218 4059 1333 4141 garrul.
1365 4074 1401 4139 17

334 4189 365 4247 p.
388 4181 443 4245 511
462 4167 498 4248 C)
516 4169 556 4228 tle
574 4165 697 4227 Sciluro
716 4165 845 4246 profert,
864 4178 1047 4228 commotus
1061 4169 1207 4231 coniecit.
1237 4168 1403 4248 Quoniam
