3260 4882
726 448 766 456 --
796 425 921 490 154..

291 627 332 687 ad
366 626 433 687 eius
467 625 533 686 lieri
558 626 672 706 potuit,
699 624 875 706 pernolutis
901 625 1005 686 iacere
1030 645 1097 685 non
1122 645 1255 705 possum
1280 625 1356 706 quin
1439 632 1443 636 '

290 721 431 807 credam,
468 753 551 813 quae
586 734 673 812 apud
709 733 859 795 Babrium
886 733 927 796 de
964 731 1193 813 »religionibus
1217 733 1357 814 antiquis

291 839 540 914 dilabentibus»,
556 850 589 927 ut
605 841 682 902 dicit
699 839 840 916 CrusiuS,
858 849 1060 914 testarentur,
1079 860 1143 900 non
1159 849 1226 901 tam
1240 847 1357 920 poetae

291 945 341 1010 uel
358 949 455 1009 aetati
472 949 540 1009 eius
556 947 677 1023 deberi,
695 968 791 1029 quarn
809 949 850 1010 ad
867 947 1133 1010 consuetudinem
1151 967 1356 1010 communem

291 1055 453 1117 scribendi
489 1054 702 1118 tabulatorum
739 1057 802 1118 iarn
838 1054 939 1118 multo
975 1064 1050 1118 ante
1086 1055 1192 1118 Babrii
1228 1066 1358 1135 tempus

291 1163 499 1226 constitutam
525 1164 692 1243 pertinere.
740 1163 807 1225 Iam
832 1163 919 1224 enim
941 1155 1028 1243 apud
1045 1161 1227 1224 Phaedrum
1243 1164 1357 1244 magis-

292 1291 355 1351 que
394 1271 490 1331 etiam
530 1270 619 1351 apud
659 1269 862 1333 Plutarchum
902 1271 1030 1332 inuenio
1067 1279 1188 1332 certum
1225 1269 1356 1352 aliquod

292 1397 395 1458 genus
431 1378 649 1439 narrationum
687 1377 991 1458 mythologicarum,
1022 1399 1087 1458 quo
1111 1378 1290 1440 sententiae
1314 1377 1356 1439 ab

291 1485 499 1564 opinionibus
533 1485 699 1547 hominum
735 1486 923 1566 antiquioris
958 1495 1044 1547 certe
1080 1485 1197 1547 aetatis
1232 1484 1357 1547 alienae

292 1591 546 1674 proferebantur,
582 1594 645 1654 iam
681 1591 783 1655 multo
806 1603 883 1654 ante
906 1601 1036 1674 tempus
1060 1593 1167 1666 Rubrii
1190 1591 1357 1654 excultum

292 1719 372 1762 esse.
421 1698 552 1762 Crusius
590 1720 689 1781 quum
729 1700 837 1780 (Babr.
878 1710 940 1762 aet.
981 1720 1056 1781 pag.
1099 1697 1173 1783 230)
1208 1699 1357 1780 Tycham

295 1807 497 1888 »primariam
534 1809 616 1869 inter
650 1808 731 1870 deos
748 1807 927 1870 Babrianos
950 1808 1056 1870 locum
1081 1817 1208 1870 tenere»
1235 1808 1357 1881 statuit,

261 1992 263 1997 Ι
293 1914 391 1996 idque
426 1935 498 1976 curn
535 1915 743 1995 opinionibus
778 1915 945 1977 hominum
982 1916 1014 1977 id
1040 1916 1156 1977 aetatis
1180 1933 1358 1995 congruere

293 2033 424 2084 auctore
460 2022 591 2084 Rohdio
627 2004 753 2103 prohat,
783 2024 1036 2103 praetermisisse
1060 2023 1185 2084 uidetur
1208 2022 1357 2102 Tycham

294 2131 387 2191 deam
413 2130 540 2192 duabus
563 2129 640 2192 solis
660 2129 714 2214 (49
735 2141 767 2192 et
792 2133 850 2210 198
869 2131 918 2193 ed.
938 2129 1040 2214 Crus.)
1058 2129 1175 2192 sabulis
1191 2129 1359 2194 Habrianis

292 2238 451 2300 introduci
465 2238 496 2298 in
510 2238 613 2318 iisque
625 2257 697 2299 eam
711 2240 801 2318 queri
814 2258 849 2300 se
862 2238 904 2300 ab
916 2237 1101 2299 hominibus
1115 2236 1356 2319 »peppsollum

293 2344 419 2406 Eodem
446 2346 512 2406 iure
535 2346 631 2407 etiam
656 2345 800 2407 Fortuna
824 2347 911 2427 apud
936 2323 1117 2406 Phaedrum
1135 2344 1204 2406 dea'
1215 2345 1357 2406 maxima

293 2471 364 2513 esse
389 2453 556 2526 diceretur,
581 2472 678 2532 quum
704 2453 807 2517 tribus
829 2451 909 2514 locis
925 2454 948 2528 Ι,
968 2468 996 2532 7,
1015 2469 1049 2530 4;
1067 2452 1124 2526 lV,
1148 2467 1195 2526 12,
1216 2465 1247 2531 53
1265 2451 1356 2532 App.

293 2559 332 2633 Il,
369 2577 389 2636 4
424 2558 567 2644 (Havet.)
603 2559 833 2622 introducatur.
882 2560 1025 2623 Dubium
1051 2570 1157 2622 autern
1195 2578 1357 2622 essenon

292 2676 402 2747 potest
437 2667 511 2747 quin
548 2666 693 2741 Babrius‚
730 2667 754 2728 si
793 2666 981 2747 religionem
1018 2667 1132 2728 aetatis
1156 2687 1243 2741 suae,
1269 2667 1358 2729 cuius

293 2774 477 2856 primariam
502 2773 596 2835 deam
621 2774 770 2854 Tycham
796 2773 892 2836 luisse
916 2773 1047 2837 Crusius
1071 2783 1203 2836 auctore
1226 2774 1358 2837 Rohdio

293 2892 379 2943 recte
416 2881 537 2956 statuit,
578 2883 736 2962 respicere
775 2881 939 2956 uoluisset,
975 2883 1104 2962 saepius
1139 2881 1235 2943 deam
1271 2880 1357 2943 illam

294 2989 532 3051 introducturus
567 2987 668 3051 fuerit.
717 2989 834 3070 Longe
868 2989 947 3051 alias
982 2989 1118 3070 Tychae
1153 2999 1262 3070 partes
1286 3007 1358 3050 esse

293 3098 324 3158 in
360 3096 547 3158 auctoribus
582 3118 601 3157 a
637 3097 768 3158 Rohdio
800 3096 904 3158 allatis
927 3117 1010 3172 eum,
1027 3097 1091 3178 qui
1114 3095 1266 3177 exempla
1291 3115 1358 3176 per·

293 3203 482 3282 lustrauerit,
508 3203 619 3285 fugere
644 3224 708 3266 non
733 3205 861 3285 poterit.
879 3204 966 3296 ⁹lam
991 3205 1130 3284 antiquis
1154 3203 1357 3285 temporibus

294 3331 366 3372 mos
384 3309 1352 3385 suisseuideturutinterfabulasnumerarenturnarrationes,

293 3406 410 3498 quibus
438 3437 497 3496 pro
521 3418 714 3481 animalibus
739 3421 888 3481 notiones
912 3418 1104 3492 abstractae,
1130 3417 1243 3499 quales
1266 3428 1357 3480 erant

294 3524 415 3600 Virtus,
441 3524 552 3600 Dolor,
577 3526 706 3601 similes,
732 3525 976 3587 inducebantur.
1024 3526 1071 3587 Vt
1093 3525 1235 3588 fabulam
1255 3524 1356 3600 illam,

294 3653 391 3714 quam
416 3634 447 3694 in
472 3653 600 3694 carcere
624 3634 665 3695 de
688 3631 867 3713 Voluptate
891 3643 923 3695 et
947 3632 1068 3694 Dolore
1085 3633 1178 3695 finxit
1195 3633 1356 3707 Socrates,

294 3740 432 3821 Aesopo
472 3742 645 3802 conuenire
680 3750 836 3815 autumat,
875 3739 1039 3802 Phaedrus
1072 3740 1128 3815 IV,
1172 3757 1207 3802 12
1245 3740 1358 3824 (Hav.)

294 3847 429 3919 Plutum,
462 3848 502 3921 V,
529 3851 546 3910 8
573 3847 800 3922 Occasionem,
826 3848 916 3928 App.
942 3847 988 3908 IV
1013 3846 1143 3922 Dolum,
1168 3847 1357 3921 Veritatem,

295 3955 502 4017 Mendacium
526 3956 656 4030 inducit,
682 3955 868 4034 Xenophon
892 3965 1066 4016 comment.
1092 3955 1131 4030 ll,
1158 3957 1205 4036 15
1229 3972 1265 4018 21
1286 3975 1357 4036 sqq.

295 4066 351 4144 (z
386 4061 493 4124 Halm.
535 4064 608 4142 158)
644 4062 804 4124 Virtutem
840 4073 872 4123 et
898 4062 1064 4136 Malitiam,
1090 4061 1279 4124 Plutarchus
1302 4063 1357 4125 uit.

295 4169 450 4237 Thenrist.
482 4173 517 4239 ιδ
543 4167 688 4256 Ἑορτήν
704 4180 736 4231 et
754 4166 960 4256 ‘Vorepnior
976 4169 1151 4256 proferunt,
1171 4169 1358 4238 Plutarchus
