3260 4882
757 391 956 464 „150..

324 623 487 678 amantem
523 616 686 695 captiuam
723 616 909 677 hominibus
943 635 1058 677 canere
1095 615 1180 677 nolle
1214 615 1264 700 (cl.
1293 616 1387 677 Babr.

329 741 377 797 12,
400 739 451 801 13:
473 723 771 802 »orrooreoproiq
786 722 860 801 οὐχὶ
876 722 1009 802 θηρίοις
1025 721 1165 805 qoem),
1183 724 1387 785 hirundinem

324 842 432 892 autem
471 831 637 892 hominum
677 832 814 894 amicam
852 829 1049 912 ὁμωρόφιον
1083 851 1194 892 eorum
1230 851 1302 892 esse
1336 829 1387 913 (cs.

325 938 419 1000 Babr.
462 954 508 1012 12,
551 951 691 1016 14—-151
727 936 801 998 »καὶ
823 935 1100 1017 παρ’ὰνθρώποις
1124 935 1312 1019 ὸμώφοφόν
1336 957 1389 1019 μοι

324 1043 421 1127 δῶμα
437 1043 493 1106 καὶ
510 1044 634 1124 στέγην
650 1043 778 1128 oneo).
809 1045 967 1107 Rhetores
984 1045 1180 1126 posteriores
1196 1047 1281 1106 idem
1299 1065 1389 1125 argu-

323 1163 466 1215 mentum
502 1149 572 1214 aliis
595 1173 726 1233 quoque
751 1152 928 1215 rationibus
951 1153 1142 1214 tractauisse
1165 1153 1240 1214 inde
1263 1151 1388 1215 conclu·

322 1263 465 1322 dendum
490 1271 548 1332 est,
575 1262 663 1340 quod
690 1257 845 1322 Aelianus
870 1259 957 1342 (Var.
977 1260 1060 1321 Hist.
1080 1259 1150 1334 Xll,
1170 1260 1222 1343 20)
1239 1260 1386 1339 mythum

322 1367 419 1442 illum,
456 1369 509 1448 qui
546 1368 587 1428 de
622 1366 743 1428 scelere
778 1368 808 1428 in
846 1367 985 1430 Thracia
1010 1369 1186 1428 commisso
1210 1377 1288 1442 erat,
1314 1387 1386 1428 cum

322 1485 515 1555 argumento
545 1474 613 1536 'alio
650 1477 726 1536 item
759 1474 801 1535 ad
824 1474 990 1536 historiam
1016 1474 1193 1536 naturalem
1220 1475 1388 1537 referendo

322 1583 498 1657 coniunxit,
535 1602 600 1662 quo
632 1581 779 1643 Hesiodo
804 1592 936 1644 auctore
961 1592 1067 1643 narrat
1092 1581 1257 1644 lusciniam
1283 1583 1387 1644 somni

322 1691 454 1751 omnino
479 1699 646 1769 expertem
671 1707 752 1762 esse,
778 1689 982 1750 hirundinem
1004 1689 1138 1752 dimidia
1154 1698 1279 1751 tantum
1296 1699 1388 1770 parte

321 1799 426 1857 somni
462 1798 569 1858 auium
605 1806 783 1858 ceterarum
820 1795 877 1858 srui
909 1817 1016 1877 posse.
1065 1797 1213 1859 Eundem
1237 1783 1387 1877 mythum

322 1906 418 1966 etiam
443 1905 616 1966 narrationi
641 1897 831 1966 obscoenae
852 1904 980 1965 Aeliani
1006 1915 1070 1967 nat.
1090 1925 1140 1966 an.
1159 1905 1198 1978 Il,
1219 1921 1234 1983 3
1253 1904 1388 1966 subesse

322 2013 460 2074 inuenio

325 2133 339 2143 ·’
428 2119 634 2200 Argumento
671 2119 734 2181 sab.
776 2123 812 2182 18
850 2120 1021 2182 tractando
1058 2127 1189 2200 po'etam
1219 2139 1258 2180 eo
1283 2120 1388 2200 magis

321 2226 514 2289 delectatum
540 2247 612 2288 esse
636 2247 707 2290 eam
733 2228 776 2288 ob
797 2249 863 2290 rem
881 2229 1078 2290 credendum
1096 2238 1154 2302 est,
1173 2229 1261 2310 quod
1278 2228 1387 2288 animo

320 2337 351 2397 in
377 2333 595 2397 Athenienses
612 2336 745 2397 offenso
769 2335 867 2397 fuisse
891 2336 1020 2397 uidetur
1043 2335 1095 2416 (cf.
1121 2334 1239 2397 Keller.
1265 2334 1283 2397 l.
1310 2334 1328 2396 l.
1355 2355 1385 2415 p.

322 2443 398 2522 360)
423 2454 454 2503 et
479 2443 598 2504 Boreas
624 2443 872 2504 Atheniensium
898 2441 1003 2504 allinis
1023 2444 1054 2504 in
1071 2443 1133 2504 hac
1149 2442 1258 2504 fabula
1275 2451 1293 2503 a'
1311 2440 1387 2504 Sole

321 2551 464 2612 uincitur.
514 2549 588 2631 Qua
612 2551 643 2611 in
669 2571 702 2611 re
726 2551 758 2611 id
775 2571 905 2631 quoque
921 2550 1162 2612 obseruandum
1179 2571 1252 2612 esse
1267 2571 1387 2612 censeo

319 2656 517 2736 Aquilonem
543 2659 657 2720 rationi
682 2657 735 2731 illi,
760 2679 825 2738 qua
848 2659 880 2720 in
905 2656 1014 2720 fabula
1043 2671 1078 2736 15
1105 2659 1152 2719 uir
1175 2658 1387 2720 Atheniensis

322 2765 521 2840 describitur,
558 2776 775 2847 congruenter
809 2767 931 2847 impetu
968 2765 1152 2826 uehementi
1187 2765 1319 2845 quidem
1355 2767 1385 2826 in

319 2873 472 2934 rusticum
491 2874 607 2947 inuehi,
626 2883 660 2934 ut
671 2873 765 2934 nobis
778 2874 810 2934 in
825 2874 1013 2934 memoriam
1027 2871 1233 2954 »occipuhiur
1250 2872 1386 2934 rhetoris

231 3009 233 3012 ·
320 2979 531 3066 Atheniensis
568 2979 630 3042 fab.
674 2994 708 3059 15
747 2981 930 3042 necessario
967 2982 1087 3052 redeat,
1126 2999 1158 3040 re
1184 2980 1255 3060 ipsa
1278 2988 1385 3040 autem

319 3088 415 3147 minis
438 3088 504 3149 suis
528 3086 604 3169 nihil
630 3107 736 3167 agere.

425 3193 582 3256 Fabulam
618 3194 713 3258 Babr.
746 3198 788 3273 48
813 3215 877 3256 non
904 3195 1018 3256 dubito
1042 3194 1119 3274 quin
1144 3205 1231 3256 recte
1255 3194 1386 3256 Crusius

319 3300 435 3388 (annal.
473 3300 582 3382 philol.
620 3301 783 3378 CXXVII,
825 3304 918 3380 1883,
951 3323 1026 3383 pag.
1064 3301 1138 3385 245)
1163 3323 1236 3364 cum
1264 3302 1382 3364 Macar.

319 3428 408 3488 prou.
446 3409 502 3484 lV,
543 3425 582 3471 10
614 3411 841 3491 composuerit.
891 3409 1026 3470 Addere
1046 3409 1145 3471 uelim
1171 3411 1202 3470 in
1228 3429 1386 3490 responso

319 3516 466 3577 Mercurii
501 3518 560 3579 tria
596 3515 647 3578 illa
683 3538 769 3591 uera,
806 3517 847 3578 de
881 3517 998 3598 quibus
1034 3519 1065 3578 in
1092 3515 1198 3578 sabula
1223 3516 1317 3578 Babr.
1346 3529 1383 3596 53

317 3624 486 3685 tractanda
521 3623 697 3687 luculenter
732 3623 864 3687 Crusius
899 3624 1004 3708 (Babr.
1043 3635 1104 3686 aet.
1142 3645 1172 3704 p.
1212 3626 1273 3686 208
1299 3625 1384 3706 sqq.)

319 3731 505 3812 disputauit‚
543 3734 676 3812 agnosci
713 3752 820 3812 posse.
869 3731 1019 3794 Ceterum
1055 3731 1165 3794 fabula
1201 3734 1271 3812 ipsa
1301 3740 1385 3793 com·

318 3840 480 3918 positione
515 3840 679 3920 quandam
715 3860 788 3900 cum
818 3838 880 3900 sab.
910 3851 947 3917 53
973 3838 1213 3900 similitudinem
1239 3827 1384 3919 praebet.

318 3946 363 4007 Vt
387 3947 481 4008 Babr.
511 3961 548 4027 53
574 3947 669 4009 finem
695 3948 869 4026 abruptum
895 3945 1025 4025 profert,
1052 3946 1139 4007 unde
1164 3945 1296 4008 Crusius
1320 3945 1338 4007 l.
1365 3946 1384 4008 l.

317 4053 474 4116 conclusit
497 4053 664 4134 exemplar
688 4053 815 4115 sabulae
839 4052 1019 4115 mutilatum
1045 4052 1239 4136 abJauctore
1264 4053 1386 4116 adhibi·

316 4170 383 4222 tum
402 4181 482 4234 esse,
500 4163 545 4224 ita
561 4164 658 4240 etiam
676 4162 749 4223 finis
763 4160 891 4222 fabulae
905 4162 946 4238 48
962 4161 1126 4241 praecisus
1139 4159 1263 4240 legitur,
1279 4181 1384 4241 neque

316 4270 471 4330 docemur
506 4270 673 4350 quomodo
704 4271 793 4330 canis
817 4287 1009 4348 responsum
1036 4268 1183 4329 Mercurii
1209 4270 1380 4349 acceperit.

1600 3042 1604 3147 r

1600 3244 1604 3391 r
