3260 4882
859 431 917 496 ΜΖ

351 641 409 707 est,
436 633 571 712 primum
597 643 702 693 ortum
720 651 804 708 esse;
822 651 933 694 uersus
951 633 1055 694 Babrii
1074 633 1125 693 hic
1142 645 1204 695 est:
1226 633 1292 710 »ὡς
1306 631 1418 713 κακὴν

351 740 448 818 χάριν
471 739 571 816 τίνεις
595 736 641 800 ὡν
665 738 856 819 σ’ώφέλοαν
880 739 1025 818 θηρῶσα
1042 740 1104 821 μῦς
1120 759 1156 801 τε
1172 739 1229 801 καὶ
1246 738 1418 819 σαύρας»,

351 867 492 929 quocum
505 848 745 927 comparandus
758 857 807 908 est
820 846 919 922 locus,
934 837 1032 928 quem
1045 867 1087 908 ex
1097 846 1206 909 fabula
1218 847 1326 910 Halm
1345 844 1419 910 ιοοὁ

352 965 548 1036 excerptum·
558 975 656 1034 supra
673 954 773 1016 attuli.
823 955 907 1016 Huic
921 965 1029 1016 autem
1043 964 1235 1036 argumento
1249 955 1419 1035 principali

351 1061 504 1124 nonnulla
540 1063 637 1123 etiam
672 1079 714 1124 ex
749 1061 819 1124 aliis
853 1062 1092 1124 narrationibus
1115 1073 1247 1142 sumpta
1270 1064 1440 1124 immixta¹

136 1190 139 1198 ⁴
244 1212 246 1214 -
332 1190 423 1231 esse
456 1168 549 1231 facile
583 1180 632 1230 est
668 1169 786 1243 uidere,
812 1179 846 1230 ut
871 1170 902 1231 in
927 1189 1008 1231 uers.
1035 1171 1053 1230 8
1078 1171 1167 1250 quod
1192 1170 1317 1231 ciconia
1342 1170 1419 1230 dicit

256 1292 259 1301 ·
351 1297 386 1338 se
421 1297 499 1358 erga
533 1287 683 1358 parentes
712 1279 799 1357 piam
824 1269 917 1338 auem
942 1297 1023 1351 esse,
1050 1278 1180 1338 inuenio
1205 1277 1417 1357 Porphyrium

249 1411 251 1416 ’
349 1384 413 1467 (De
437 1385 632 1446 abstinentia
657 1384 710 1458 111,
742 1387 792 1462 11)
817 1386 858 1446 de
882 1384 997 1446 eadem
1023 1405 1056 1446 re
1080 1384 1213 1446 habere:
1252 1382 1331 1459 »Τίς
1358 1386 1419 1463 τῆς
1478 1412 1479 1416 “

350 1493 416 1552 τῶν
433 1493 612 1572 πελαργῶν
629 1489 848 1570 δικαιοσύνης
865 1491 951 1570 πρὸς
962 1489 1043 1569 τοὺς
1053 1491 1215 1568 τεκόντας
1229 1489 1414 1570 ἀνήκοος»

350 1587 396 1661 ln
421 1599 485 1661 fine
521 1593 649 1661 fabulae
684 1599 890 1680 prouerbium
925 1600 1148 1680 nescioquod
1173 1599 1272 1660 latere
1297 1609 1416 1679 potest.

350 1707 405 1768 Ad
426 1706 528 1768 lianc
565 1706 705 1771 fabulam
742 1706 935 1769 Babrianam
971 1727 1069 1787 quam
1106 1707 1256 1787 proxime
1291 1708 1418 1768 accedit

350 1814 458 1875 Halm.
484 1807 536 1893 65,
562 1826 596 1875 ut
621 1815 725 1875 eidem
751 1809 900 1876 officinae
924 1814 1033 1876 deberi
1059 1815 1214 1876 uideatur.

369 1939 371 1965 ³
458 1921 587 1984 Crusius
612 1922 717 2005 (Babr.
744 1931 805 1984 aet.
833 1942 863 2001 p.
891 1920 965 2005 207)
990 1921 1142 1983 Babrium
1167 1921 1278 1983 sabula
1302 1940 1345 2000 44
1369 1942 1416 1983 ar-

349 2039 538 2110 gumentum
555 2038 656 2090 uetus
679 2030 860 2110 corrupisse
882 2049 920 2090 ea
937 2049 970 2090 re
987 2040 1171 2091 commotus
1187 2030 1308 2104 statuit,
1327 2031 1416 2109 quod

349 2131 546 2198 Themistius
582 2137 716 2197 similem
752 2136 892 2198 fabulam
918 2157 1052 2198 narrans
1077 2135 1207 2217 uulpem
1234 2123 1336 2198 leonis
1360 2139 1418 2198 mi-

163 2271 165 2274 ·
250 2274 252 2278 ·
347 2245 479 2306 nistram
516 2239 651 2305 induxit.
700 2241 906 2325 Quamquam
943 2244 1085 2307 fabulam
1122 2245 1261 2306 indicam
1294 2243 1416 2306 Benfeii

349 2351 544 2433 (Pantschat.
568 2353 593 2426 J,
619 2354 684 2430 93),
710 2373 779 2440 qua
798 2355 908 2414 nititur
931 2354 978 2413 uir
1001 2353 1127 2426 doctus,
1151 2353 1240 2414 adire
1256 2351 1332 2413 mihi
1350 2373 1416 2414 non

347 2460 443 2534 licuit,
480 2459 556 2521 inde
595 2443 682 2540 quod
708 2471 839 2522 auctore
863 2460 978 2522 Crusio
1002 2459 1062 2534 le0,
1088 2461 1172 2535 thos,
1204 2469 1417 2534 taurus,.non

348 2558 430 2628 tauri
465 2567 667 2640 inducuntur,
702 2579 930 2648 argumentum
961 2569 1029 2628 eius
1054 2589 1087 2629 re
1111 2568 1302 2648 grauissima
1327 2587 1346 2630 a
1370 2567 1412 2630 la·
1474 2571 1477 2578 “

346 2673 429 2735 bulis
453 2671 560 2735 Babrii
584 2686 616 2736 et
640 2674 809 2736 Tliemistii
834 2675 1007 2736 abhorrere
1030 2674 1198 2736 concludo
1245 2674 1414 2738 Summam

346 2783 431 2842 enim
471 2780 650 2843 fabularum
690 2803 890 2862 graecarum,
930 2802 1014 2862 quae
1040 2783 1136 2844 -haud
1161 2782 1258 2844 dubie
1283 2783 1324 2844 ad
1350 2785 1414 2846 uim

346 2890 541 2951 concordiae
580 2888 801 2952 illustrandam
843 2891 992 2970 pertinet,
1028 2911 1124 2971 quum
1162 2889 1270 2952 sabula
1306 2891 1414 2952 indica

346 3016 444 3057 unum
469 2984 595 3057 taurum
621 2997 787 3077 proferens
812 2999 978 3059 continere
1000 3017 1066 3058 ‚non
1093 2999 1205 3077 possit,
1232 3018 1273 3059 ne
1296 2999 1413 3058 eadem

348 3104 477 3183 quidem
509 3114 607 3184 atque
631 3125 767 3184 graecae
792 3125 863 3166 esse
888 3114 1005 3184 potest.
1054 3103 1147 3184 Quae
1164 3125 1262 3185 quum
1281 3106 1324 3167 ita
1341 3107 1415 3179 sint,

346 3209 548 3273 uerisimilius
583 3231 655 3274 esse
687 3214 813 3296 uidetur
848 3223 1012 3273 auctorem
1050 3211 1177 3274 fabulae
1207 3231 1344 3292 graecae
1369 3233 1415 3274 ar·

240 3348 242 3352 ·
347 3329 537 3399 gumentum
573 3318 649 3380 illud
685 3317 1100 3400 supra-commemoratum
1126 3319 1206 3380 Plut.
1232 3321 1273 3381 de
1297 3319 1413 3400 garrul.

350 3441 386 3504 117
411 3451 455 3482 =
478 3425 572 3487 Babr.
598 3441 639 3506 47
660 3423 884 3488 retractauisse
901 3425 951 3509 (cf.
970 3427 1069 3515 uerba
1086 3427 1210 3488 Babrii:
1232 3427 1338 3508 »ὁμοῦ
1355 3425 1415 3508 μὲν

346 3517 474 3610 αὐτοὺς
497 3533 561 3594 οὐκ
586 3531 687 3607 ἔδοξε
708 3528 866 3612 νικήσειν,γ
895 3511 1044 3612 χωρίσας
1073 3531 1324 3612 δ’ἀπ’ἀλλήλαν
1340 3533 1415 3596 ἕκα-

258 3627 261 3634 ’
345 3654 427 3702 ατον
451 3640 563 3702 αὐτῶν
580 3639 659 3720 ἔσχε
678 3639 799 3720 populun
816 3639 978 3720 dolium).
1010 3641 1114 3724 Quod
1132 3641 1330 3703 Themistius
1347 3639 1412 3702 uul-

345 3769 420 3828 pem
456 3749 633 3810 ministram
670 3747 772 3808 leonis
807 3747 944 3821 induxit,
982 3749 1014 3808 id
1049 3769 1122 3809 eum
1158 3747 1308 3809 similium
1345 3769 1412 3812 nar.

345 3857 525 3930 rationum,'
552 3867 587 3916 ut
622 3855 716 3916 Babr.
753 3868 805 3932 95,
845 3856 886 3915 de
921 3874 986 3934 qua
1021 3856 1091 3934 ipse
1125 3854 1254 3917 Crusius
1278 3856 1412 3930 monuit,

346 3981 521 4024 memorem
548 3963 717 4023 admisisse
732 3961 938 4022 vcredendum
963 3973 1021 4023 est.
1044 3999 1046 4004 ·

450 4069 607 4132 Fabulam
633 4069 718 4131 illam
744 4067 977 4131 nobilissimam
1003 4069 1136 4131 Phaedr.
1164 4071 1186 4144 Ι,
1205 4088 1225 4147 4
1243 4095 1286 4128 z
1315 4070 1410 4132 Babr.

346 4179 368 4252 l,
395 4193 437 4258 79
461 4177 641 4238 rhetoribus
666 4177 706 4238 ad
732 4197 818 4238 noua
843 4186 1033 4256 argumenta
1057 4177 1253 4238 inuenienda
1274 4177 1413 4259 pertinu-
