3260 4882
769 411 968 474 ‚114..„

337 609 367 674 in
392 631 432 672 eo
456 632 491 672 se
514 611 709 685 exercuisse,
735 621 769 672 ut
792 611 878 672 idem
896 619 1121 692 argumentum
1140 620 1172 672 et
1188 610 1401 674 extenderent

335 728 367 780 et
391 719 575 782 breuiarent
603 717 655 798 (cs.
682 717 870 798 Quintiliani
895 719 998 780 instit.
1024 727 1104 781 orat.
1122 718 1147 793 I,
1164 735 1194 798 9,
1214 721 1257 800 2).
1304 719 1402 780 Dein·

336 826 378 888 de
413 835 520 888 autem
557 826 654 888 etiam
679 845 776 906 quam
801 827 978 888 maximam
1003 845 1113 888 curam
1138 827 1170 888 in
1194 847 1234 888 eo
1260 827 1401 906 positam

336 953 417 1008 esse,
442 943 477 995 ut
501 943 588 996 recte
612 933 826 997 diiudicarent
850 954 916 1014 quo
939 932 1012 996 loco
1036 944 1290 997 consentaneum
1315 945 1403 996 esset

335 1042 551 1106 narrationem
576 1043 760 1116 extendere,
786 1062 852 1122 quo
873 1041 1160 1122 comprehendere,
1179 1061 1244 1122 quo
1260 1041 1402 1122 denique

335 1150 474 1212 mediam
518 1151 677 1212 rationem
712 1150 812 1230 sequi.
861 1149 960 1211 Haud
996 1170 1068 1212 raro
1103 1169 1145 1212 ex
1181 1150 1253 1230 ipsa
1288 1159 1402 1211 natura

335 1258 516 1339 argumenti
552 1257 645 1320 facile
681 1277 839 1339 apparere
876 1258 981 1337 potuit
1016 1266 1122 1319 utrum
1158 1258 1200 1320 ad
1224 1257 1401 1319 extenden-

335 1369 412 1428 dum
446 1385 487 1428 an
517 1366 559 1428 ad
584 1364 841 1427 contrahendum
866 1383 907 1426 an
932 1365 974 1426 ad
998 1364 1139 1428 mediam
1163 1365 1249 1427 uiam
1273 1383 1402 1426 seman-
1477 1367 1479 1371 ’

335 1475 410 1535 dam
424 1474 740 1548 accommodandum
753 1481 849 1546 esset,
867 1470 937 1534 aliis
953 1481 1063 1534 autem
1076 1472 1302 1534 occasionibus
1314 1471 1402 1534 haud

335 1582 448 1662 paucis
472 1581 570 1642 etiam
594 1579 676 1642 aliae
701 1579 842 1642 rationes
866 1580 1090 1661 respiciendae
1114 1589 1215 1655 erant,
1241 1588 1276 1642 ut
1300 1599 1400 1660 quum

336 1687 445 1750 sabula
469 1688 608 1752 orationi
625 1688 666 1750 ad
685 1705 751 1750 rem
768 1689 932 1767 quandam
950 1685 1171 1752 illustrandam
1190 1687 1402 1748 immiscenda

335 1806 413 1872 erat,
439 1815 685 1876 nonnumquam
708 1815 805 1876 quam
830 1795 974 1857 maxime
997 1796 1151 1858 interesse
1173 1793 1281 1875 potuit
1298 1804 1402 1856 utrum
1497 1842 1501 1853 .

335 1915 444 1967 orator
467 1901 610 1965 fabulam
635 1901 791 1984 proferret
815 1901 1020 1982 longitudine
1044 1901 1219 1964 dilucidam
1241 1922 1283 1964 an
1300 1901 1401 1964 breui-

336 2022 404 2074 tate
427 2031 570 2092 grauem.
619 2009 706 2091 Quin
723 2011 755 2072 in
771 2008 1019 2073 collectionibus
1034 2008 1215 2073 fabularum
1231 2029 1251 2071 a
1267 2009 1398 2072 rhetori-

334 2120 395 2182 bus
430 2118 629 2199 compositis,
667 2118 721 2179 ubi
757 2116 843 2180 nulla
877 2117 943 2180 fere
978 2137 1076 2180 causa
1107 2128 1185 2193 erat,
1225 2136 1281 2179 cur
1319 2117 1400 2179 haec

334 2229 570 2302 extenderetur,
607 2224 659 2287 1113
694 2225 937 2288 contraheretur
972 2223 1090 2301 fabula,
1126 2225 1159 2288 id
1195 2245 1255 2305 pro
1288 2234 1402 2287 natura

335 2343 600 2415 argumentorum
637 2332 827 2414 plerumque
861 2332 980 2396 sactum
1004 2334 1046 2394 sit
1079 2352 1145 2394 non
1164 2342 1230 2394 ¹est
1254 2331 1403 2394 dubitan-

334 2444 422 2506 dum.
470 2441 562 2523 Quas
598 2460 647 2504 res
682 2459 780 2522 quum
813 2441 1001 2503 didicissent
1024 2437 1181 2522 discipuli,
1207 2441 1271 2502 iam
1296 2440 1329 2502 id
1352 2459 1401 2502 so-

334 2550 398 2612 lum
435 2548 591 2629 reliquum
626 2559 704 2624 erat,
741 2559 775 2611 ut
811 2549 969 2610 rationem
1006 2557 1128 2610 rectam
1159 2535 1190 2610 111
1216 2548 1401 2610 narratione

334 2656 645 2738 comprehendenda
668 2666 724 2718 aut
748 2656 953 2719 extendenda
979 2655 1189 2732 adhiberent;
1215 2675 1280 2736 qua
1302 2654 1344 2717 de
1366 2674 1400 2716 re

334 2766 442 2839 etiam,
479 2774 514 2826 ut
548 2783 646 2845 supra
679 2764 800 2826 dictum
836 2773 894 2838 est,
930 2763 1021 2841 leges
1044 2764 1076 2825 in
1102 2762 1402 2844 progymnasmatis

334 2873 431 2934 statui
466 2869 625 2946 solebant,
662 2891 797 2953 quarum
833 2872 951 2951 partim
987 2872 1050 2933 13111
1084 2871 1207 2932 mentio
1232 2869 1318 2932 sacta
1341 2879 1400 2945 est,

333 2980 451 3061 partim
476 2980 508 3042 in
532 2979 611 3059 ipsis
635 2977 752 3040 fabulis
776 2979 954 3040 tractandis
977 2978 1040 3040 fiet.
1081 2977 1116 3041 Si
1133 2975 1276 3040 libellum
1292 2977 1403 3039 Babri-

334 3107 430 3149 anum
457 3084 722 3167 peruoluerimuS,
748 3084 865 3148 multas
888 3085 1021 3166 quidem
1045 3085 1247 3148 inueniemus
1264 3082 1400 3159 fabulas,

334 3213 417 3276 quae
456 3193 590 3256 modum
631 3194 750 3256 iustum
790 3193 952 3256 excedunt
992 3203 1089 3274 atque
1127 3192 1214 3255 haud
1253 3191 1352 3254 dubie
1382 3211 1402 3254 3

334 3301 453 3365 Babrio
488 3311 645 3364 extensae
679 3312 763 3376 sunt,
800 3302 954 3382 quoniam
990 3310 1098 3362 autem
1124 3300 1267 3362 maxima
1290 3317 1401 3361 earum

334 3430 409 3492 pars
444 3410 541 3472 etiam
577 3408 646 3471 aliis
681 3408 761 3471 locis
796 3409 891 3471 nobis
925 3409 1215 3471 commemoranda
1237 3417 1297 3483 est,
1322 3407 1402 3468 satis

333 3518 463 3580 habebo
487 3517 539 3578 hic
562 3537 618 3579 eas
641 3527 790 3592 tractare,
816 3537 901 3597 quae
925 3537 982 3578 cur
1005 3514 1075 3578 aliis
1099 3514 1178 3578 locis
1202 3516 1234 3578 in
1257 3515 1401 3578 medium

333 3625 545 3706 proferantur,
582 3645 679 3687 causa
716 3646 781 3688 non
817 3635 877 3700 est,
908 3643 1056 3705 quasque
1080 3645 1099 3685 e
1122 3623 1324 3686 breuioribus
1348 3643 1401 3684 ex·

334 3744 443 3796 tensas
467 3753 539 3794 esse
562 3742 672 3795 tamen
697 3734 799 3795 cuiuis
823 3730 1030 3795 manifestum
1048 3731 1115 3794 erit.
1156 3731 1241 3793 Dico
1260 3729 1399 3793 fabulas:

336 3842 387 3920 85,
412 3853 464 3921 95,
494 3841 565 3916 106,
595 3856 665 3918 124.

442 3947 598 4010 Fabulam
624 3947 719 4010 Babr.
746 3949 785 4025 85
812 3968 853 4008 ex
871 3947 1018 4008 breuiore
1036 3945 1215 4028 exemplari
1231 3956 1401 4008 extensam

333 4075 404 4118 esse
427 4057 491 4118 iam
516 4075 558 4118 ex
582 4056 653 4137 ipsa
677 4052 831 4133 διηγήσει
860 4053 952 4116 facile
974 4065 1120 4135 apparet,
1146 4053 1235 4134 quod
1258 4073 1402 4134 synony-

333 4183 387 4226 ma
423 4164 522 4226 uerba
557 4164 590 4224 in
625 4183 664 4224 ea
688 4160 864 4224 cumulauit
888 4170 1000 4223 auctor
1023 4173 1058 4223 ut
1082 4181 1162 4224 uers
1188 4179 1224 4239 4:
1252 4158 1401 4243 ἔμελλεν,

334 4269 525 4357 ἐβράδυνεν
557 4281 589 4331 et
623 4271 657 4332 6:
692 4265 737 4330 οὗ
772 4269 869 4348 χάριν
897 4266 1067 4355 διατρίβω,
1093 4267 1122 4330 τί
1145 4266 1398 4353 δἐὺλαβοῦμαι.
