3260 4882
753 408 953 454 -120-

228 621 231 627 ·
320 607 504 669 auctoribus
540 608 615 669 uiris
650 607 756 669 doctis
790 604 902 668 mutila
936 615 1064 671 exstet„
1101 605 1203 687 Apud
1235 605 1384 669 Crusium

320 716 405 778 enim
440 715 570 776 inuenio
605 713 636 794 (l.
671 712 690 776 l.
727 734 758 795 p.
800 715 873 794 144)
905 712 1071 776 Naberum
1095 714 1255 777 Mnemos.
1280 714 1328 778 lV
1352 735 1384 796 p.

320 837 384 902 437
420 822 570 884 statuisse
605 820 746 883 fabulam
787 822 847 884 106
871 823 1072 884 decurtatam
1096 841 1168 884 esse
1191 841 1297 902 neque
1320 824 1385 885 exi-

319 940 387 991 tum
423 930 491 990 eius
515 929 690 1009 abruptum
715 929 833 992 Babrio
858 929 978 992 deberi.
1027 929 1072 991 Vt
1096 928 1237 991 fabulam
1262 930 1385 991 restitu-

319 1047 396 1110 eret,
434 1035 565 1098 Crusius
600 1038 670 1117 ipse
706 1037 835 1119 quidem
872 1038 1012 1099 coniecit
1050 1057 1140 1098 »eam
1177 1057 1197 1098 a
1224 1037 1385 1118 principio

319 1164 393 1206 cum
429 1142 491 1206 alia
525 1145 731 1206 coniunctam
766 1164 847 1220 esse,
873 1145 904 1205 in
929 1163 994 1226 qua
1017 1144 1131 1225 uulpes
1154 1146 1322 1225 quomodo
1346 1145 1385 1206 si·

319 1253 417 1313 miam
441 1250 508 1313 ulta
532 1261 617 1314 esset
641 1252 838 1339 descriptum
862 1261 1036 1314 exstaret».
1078 1250 1173 1333 Quae
1196 1253 1384 1314 coniectura
1430 1234 1433 1239 ¹

319 1361 346 1420 si
382 1379 458 1420 uera
493 1360 543 1434 sit,
580 1360 611 1420 in
647 1359 708 1420 hac
744 1360 923 1439 posteriore
953 1358 1081 1421 fabulae
1105 1360 1197 1440 parte
1219 1361 1385 1422 orationes

320 1465 427 1547 plures
464 1466 597 1528 forsitan
631 1467 771 1529 insertae
805 1485 876 1528 esse
911 1468 1085 1548 potuerint.
1134 1466 1227 1548 Quae
1259 1487 1309 1530 res
1344 1489 1384 1530 eo

320 1567 519 1636 uerisimilior
554 1573 630 1635 mihi
669 1593 741 1636 esse
776 1574 910 1647 uidetur,
935 1576 1025 1654 quod
1048 1573 1194 1650 Babrius,
1220 1585 1256 1637 ut
1279 1595 1384 1638 narra·

318 1683 439 1744 tionem
486 1682 686 1755 extenderet,
721 1681 833 1756 etiam
866 1677 1049 1744 materiam,
1081 1681 1210 1745 aliunde
1249 1684 1384 1764 petitam

319 1791 506 1870 (agnouisse
531 1788 625 1850 mihi
653 1789 767 1850 uideor
800 1787 941 1850 fabulam
965 1788 1051 1852 illam
1075 1789 1276 1870 Aesopeam,
1301 1811 1386 1872 quae

318 1908 368 1959 est
403 1899 445 1959 de
479 1895 573 1958 leone
597 1895 765 1980 regnante)
789 1916 862 1958 curn
886 1907 1080 1978 argumento
1104 1899 1298 1980 primigenio
1321 1897 1383 1960 col·

318 2004 470 2086 ligauisse
494 2014 613 2085 potest.

425 2110 585 2174 Fabulam
614 2128 675 2190 124
698 2123 891 2193 argumento
915 2132 1035 2176 nouam
1060 2113 1197 2176 sortasse
1220 2135 1240 2176 a
1264 2115 1385 2178 Babrio

317 2222 391 2302 ipso
426 2221 590 2281 inuentam
627 2239 698 2281 esse
734 2220 810 2282 inde
840 2220 1009 2301 probabile
1033 2221 1078 2296 tit,
1103 2223 1193 2303 quod
1217 2223 1249 2285 in
1272 2222 1385 2286 litteris

318 2328 460 2408 antiquis
484 2328 618 2390 omniuo
642 2327 737 2390 nobis
761 2329 853 2390 deest
876 2329 1016 2391 narratio
1041 2339 1233 2410 argumento
1255 2351 1386 2394 cumea
1485 2378 1486 2382 ,

318 2437 503 2498 concinens.
558 2434 603 2496 Vt
650 2436 713 2496 iam
750 2437 884 2516 aucupis
918 2455 1060 2516 persona
1094 2438 1126 2499 in
1164 2437 1280 2500 sabulis
1300 2444 1386 2502 'rara

318 2541 390 2626 (hac
414 2552 554 2623 excepta
578 2552 704 2604 tantum
728 2543 760 2604 in
784 2542 894 2605 Halm.
922 2560 985 2622 340
1009 2544 1158 2629 occurrit)
1175 2546 1385 2608 indicat'seri-

318 2652 383 2712 oris
416 2651 533 2712 aetatis
563 2671 635 2712 esse
660 2649 811 2725 fabulam,
837 2652 881 2714 ita
905 2672 976 2714 eam
1002 2651 1165 2714 rhetorum
1188 2653 1249 2714 arti
1274 2653 1385 2716 deberi
1431 2665 1436 2672 '

318 2758 414 2819 etiam
439 2759 515 2818 inde
539 2755 757 2838 colligendum
783 2769 841 2833 est,
867 2760 955 2840 quod
980 2760 1009 2820 ei
1033 2758 1134 2821 multa
1157 2761 1274 2835 insunt,
1300 2781 1386 2841 quae

318 2864 534 2948 comprobent
558 2867 757 2928 extendendi
782 2867 939 2928 rationem
964 2866 1141 2930 adhibitam
1167 2887 1248 2930 esse.
1296 2868 1343 2930 Vt
1365 2889 1386 2930 a

317 2971 556 3052 compositione
581 2970 707 3036 fabulae
731 2975 931 3054 incipiamus,
957 2975 1096 3036 duorum
1119 2985 1384 3056 argumentorum

317 3081 517 3142 diuersorum
551 3081 689 3161 uestigia
723 3082 885 3144 inuenisse
921 3082 998 3144 mihi
1033 3074 1155 3157 uideor,
1181 3103 1318 3164 quorum
1343 3081 1385 3144 al·

316 3197 420 3248 terum
445 3186 486 3247 de
509 3186 641 3249 homine
664 3198 696 3249 et
719 3187 856 3251 mustela
880 3200 939 3265 est,
965 3188 1099 3252 alterurn
1125 3189 1252 3252 fabulae
1275 3188 1383 3254 Halm.

280 3346 282 3350 .
319 3311 382 3372 340
419 3293 513 3355 simili
537 3295 694 3356 contineri
718 3297 832 3376 potuit.
881 3297 965 3359 Nam
989 3299 1079 3379 quod
1104 3299 1220 3378 perdix
1244 3299 1385 3378 itemque

317 3399 422 3481 gallus
457 3421 476 3462 a
510 3411 666 3464 uenatore
702 3423 760 3465 sua
796 3404 837 3465 de
873 3405 1007 3468 domino
1043 3407 1156 3468 merita
1184 3405 1386 3486 proferentes

317 3517 432 3588 petunt
456 3529 497 3570 ne
519 3528 555 3571 se
579 3519 682 3585 necet,
708 3511 740 3572 id
764 3510 850 3573 haud
876 3512 973 3574 dubie
997 3514 1039 3574 ad
1064 3523 1289 3595 argumentum
1306 3512 1384 3575 illud

317 3614 507 3696 Aesopeum
544 3619 692 3698 pertinet,
729 3621 818 3700 quod
852 3619 976 3681 habent
1004 3620 1098 3683 Babr.
1126 3636 1166 3700 27
1192 3630 1224 3682 et
1249 3621 1383 3684 Phaedr.

316 3723 340 3798 I,
378 3739 429 3785 22.
477 3724 586 3787 Etiam
622 3727 654 3788 in
687 3726 829 3789 dictione
865 3734 997 3807 politam
1033 3729 1196 3805 nonnulla,
1233 3751 1317 3812 quae
1341 3733 1384 3793 ad

317 3832 516 3894 extendendi
540 3835 700 3896 rationem
724 3835 917 3916 pertineant,
943 3835 1113 3898 admisisse
1140 3837 1281 3918 probant
1303 3838 1384 3901 haec

317 3937 417 4001 uerba
441 3941 579 4002 nouitia:
604 3961 685 4004 uera.
713 3958 729 4020 3
752 3940 936 4027 >>κλωβός»,
955 3943 1044 4024 quod
1062 3944 1310 4008 Rutherfordius
1326 3945 1345 4009 l.
1363 3945 1382 4008 l.

317 4067 348 4127 p.
390 4062 448 4127 117
485 4049 621 4110 serioris
648 4051 764 4111 aetatis
798 4049 991 4114 uocabulum
1028 4071 1100 4114 esse
1124 4061 1155 4113 et
1179 4053 1266 4134 apud
1291 4053 1384 4116 Anti-

316 4165 444 4235 patrum
461 4155 563 4217 Anth.
581 4156 611 4230 6,
635 4173 704 4236 109,
721 4173 737 4235 3
753 4177 920 4220 occurrere
933 4160 1065 4235 inuenit,
1080 4168 1112 4221 et
1124 4180 1205 4222 uers.
1226 4173 1261 4238 15
1281 4159 1383 4239 »ὠρό-
