3260 4882
680 391 868 437 *121—

242 605 388 668 μαντις»,
415 588 502 668 quod
528 587 703 650 Zachariae
726 589 745 651 l.
771 589 801 652 l„
816 611 847 670 p.
876 589 915 652 16
931 589 1022 662 ἅπαξ
1036 586 1222 670 λεγόμενον
1238 608 1310 652 csse

241 695 375 756 monuit.
413 693 469 756 Ad
494 695 623 775 poetica
647 696 749 758 refero
766 675 1015 759 totum'uersum
1037 697 1085 772 16,
1103 696 1145 758 de
1161 715 1226 778 quo
1243 715 1309 759 mo-

241 821 316 863 nere
325 800 420 863 uelim
432 801 680 881 »χρυσότοξοῳ
692 805 860 885 epitheton
869 825 889 867 a
897 797 1036 866 Pindaro
1046 799 1193 884 Apollini
1201 804 1306 866 tribui.

241 909 277 972 In
310 911 574 990 prosopopoeiae
597 912 850 992 amplificatione
874 912 1061 974 adhibenda
1085 907 1220 972 Babrius
1244 910 1307 972 hoc

239 1014 313 1077 loco
351 1037 399 1091 ea,
435 1037 518 1098 quae
551 1017 644 1080 Theo
680 1020 721 1080 de
756 1007 1009 1101 interrogatione
1033 1013 1098 1103 (W.
1123 1019 1146 1094 1,
1171 1039 1203 1098 p.
1230 1021 1309 1097 203)

240 1124 392 1204 disputat,
418 1125 644 1188 obseruauisse
668 1128 745 1190 mihi
770 1129 905 1189 uidetur.
946 1114 1031 1189 Nam
1056 1128 1090 1188 in
1106 1126 1308 1188 orationibus

239 1242 272 1294 et
309 1232 448 1313 perdicis
486 1244 518 1295 et
553 1221 628 1314 galli
666 1237 948 1316 interrogationes·
976 1233 1059 1298 aliae
1095 1253 1193 1314 super
1227 1231 1307 1296 alias

238 1339 450 1416 cumulantur,
497 1362 597 1422 quum
634 1343 666 1404 in
703 1342 766 1404 lab.
803 1341 898 1404 Babr.
938 1355 977 1421 27
1013 1342 1114 1404 uerba
1148 1339 1306 1404 mustelae
1387 1355 1389 1360 '

238 1447 397 1510 beneficia
430 1448 554 1511 homini
578 1450 812 1530 exprobrantia
836 1449 975 1511 breuiter
998 1447 1247 1524 exclamatione,
1272 1449 1304 1510 in

237 1553 371 1616 Phaedr.
397 1557 421 1631 l,
448 1573 487 1618 22
513 1557 742 1620 adhortatione
766 1557 980 1643 proferantur.

344 1663 378 1726 Si
395 1665 493 1726 etiam
510 1674 634 1726 ceteras
651 1665 758 1727 Babrii
775 1664 899 1727 fabulas
916 1664 1130 1754 amplificatas
1147 1665 1303 1746 respexis-

237 1791 355 1848 semus,
393 1770 484 1852 plura
508 1772 640 1854 quidem
666 1773 799 1835 deeius
823 1773 1024 1836 extendendi
1049 1774 1173 1834 ratione
1197 1773 1303 1846 afferri

236 1858 421 1962 potuerunt,
458 1882 612 1962 quoniam
648 1872 756 1943 autem
792 1881 861 1942 aliis
894 1881 974 1943 locis
1004 1882 1194 1946 tractandae
1217 1891 1301 1954 sunt,

235 1988 316 2050 haec
355 1989 487 2070 quidem
521 2009 608 2050 nunc
643 1988 813 2052 sufficiant.
862 1989 908 2051 Vt
942 1990 1039 2069 igitur
1072 1991 1114 2051 ad
1144 1990 1302 2051 rationem

235 2096 397 2158 scribendi
435 2098 629 2159 contrariam
665 2097 950 2177 transgrediamur,
984 2097 1016 2158 id
1053 2097 1185 2177 quidem
1210 2094 1303 2158 facile

235 2213 284 2266 est
319 2202 498 2285 intelligere
522 2205 798 2285 quemadmodum
824 2213 952 2266 ceteros
973 2203 1119 2266 rhetores
1142 2202 1193 2287 (cl.
1219 2224 1302 2285 quae

235 2310 277 2372 de
311 2312 373 2373 hac
408 2332 442 2374 re
471 2312 649 2392 disputauit
674 2311 891 2374 Hausrathius
915 2309 934 2373 l.
960 2310 979 2373 l.
1005 2332 1036 2392 p.
1065 2309 1150 2395 314),
1176 2312 1220 2372 ita
1244 2311 1300 2372 Ba·

235 2418 339 2480 brium
364 2439 496 2500 quoque
520 2418 700 2482 fabularum
725 2419 1019 2482 contrahendarum
1037 2419 1196 2481 rationem
1213 2417 1301 2478 adhi-

234 2526 356 2604 buisse;
381 2546 446 2608 qua
469 2527 502 2590 in
526 2547 560 2589 re
582 2547 711 2608 semper
735 2526 801 2589 sere
824 2525 1024 2606 exemplaria
1048 2527 1184 2588 rhetoris
1200 2527 1301 2588 cuius-

235 2635 321 2696 dam·
345 2644 475 2696 secutus
510 2655 582 2696 esse
618 2635 755 2697 uidetur.
804 2634 898 2716 Quae
922 2635 1008 2696 enirn
1034 2633 1128 2696 nobis
1152 2643 1300 2696 seruatae

233 2751 309 2802 sunt
344 2740 473 2804 fabulae
508 2732 684 2804 eorundem
720 2752 985 2823 argumentorum
1022 2761 1119 2822 prosa
1154 2742 1301 2804 oratione

232 2850 382 2930 scriptae,
408 2869 522 2912 omnes
547 2849 611 2911 fere
636 2849 732 2912 ualde
754 2850 869 2912 breues
894 2859 926 2911 ct
949 2858 1136 2911 contractae
1152 2847 1301 2929 leguntur

233 2966 268 3017 ut
304 2955 411 3019 Halm.
450 2957 501 3032 26,
539 2972 590 3036 79,
621 2957 690 3036 176,
718 2972 791 3036 371.
839 2957 875 3018 In
899 2955 1007 3018 libello
1032 2957 1194 3018 Babriano
1218 2957 1299 3018 haec

232 3063 298 3126 lere
333 3062 587 3147 συστελλόμενα
626 3065 803 3126 existimari
839 3074 991 3145 possunt:
1028 3081 1058 3142 4,
1089 3082 1141 3142 41,
1170 3077 1219 3142 52,
1245 3067 1297 3143 83,

236 3187 307 3249 113,
338 3187 373 3250 13
379 3188 413 3250 33
440 3192 520 3253 quas
544 3170 669 3233 fabulas
693 3192 807 3234 omnes
831 3173 874 3232 ad
897 3172 1036 3234 eandem
1061 3172 1126 3234 lere
1151 3191 1298 3234 normam

231 3298 251 3340 a
286 3278 424 3355 rhetore,
464 3281 554 3340 cuius
588 3278 780 3342 collectione
815 3300 892 3342 usus
916 3289 965 3342 est
989 3279 1136 3357 BabriuS,
1161 3281 1298 3361 scriptas

231 3405 303 3448 esse
338 3384 554 3467 colligendum
591 3397 649 3448 est.
698 3387 908 3449 Narrationes
926 3444 927 3448 ,
943 3388 1028 3449 enim
1061 3407 1172 3450 earum
1196 3389 1298 3450 ironia

231 3494 373 3574 quadam
409 3494 495 3557 haud
514 3480 604 3575 'raro
640 3496 718 3557 satis
747 3495 865 3556 acerba
889 3495 1104 3576 proferuntur,
1129 3515 1213 3576 quae
1237 3496 1297 3558 sub

229 3601 538 3682 interrogationibus
573 3602 764 3684 plerumque
799 3603 1006 3684 responsisue
1039 3601 1151 3665 facetis
1174 3603 1210 3666 in
1234 3603 1297 3666 line

230 3709 346 3789 positis
381 3708 486 3771 latens
522 3711 627 3791 ipsam
652 3712 835 3791 argumenti
858 3712 922 3772 uim
948 3711 1101 3791 exprimit
1124 3721 1159 3773 ut
1185 3724 1235 3790 52,
1264 3725 1295 3791 5:

233 3815 282 3878 »τί
314 3814 357 3896 δὴ
382 3814 527 3896 κρώζεις
550 3818 663 3879 ἄλλων
688 3814 845 3900 ἐπ’ὤμοις
868 3816 1041 3900 φερομένη
1065 3816 1292 3896 σιωπώντων»

230 3923 329 4005 Quod
365 3924 407 3986 ad
443 3924 585 3986 fabulam
621 3925 716 3987 Babr.
742 3943 780 4003 41
809 3927 932 4001 attinet,
958 3945 1031 3987 eam
1055 3927 1097 3987 ad
1120 3925 1295 3988 similitudi-

230 4052 304 4094 nem
329 4031 457 4094 fabulae
481 4031 666 4114 Aesopeae,
692 4053 776 4123 quae
799 4044 848 4096 est
871 4035 912 4096 de
937 4054 1014 4096 rana
1037 4043 1134 4115 rupta
1150 4043 1183 4096 et
1199 4033 1294 4108 boue,

228 4138 337 4202 fictam
373 4160 445 4202 esse
479 4141 543 4201 iam
580 4142 685 4220 primo
721 4152 856 4220 aspectu
891 4153 1037 4223 apparet.
1086 4141 1236 4204 Ceterum
1262 4142 1294 4202 in
