3244 4868
774 354 949 422 „50..

587 558 757 632 ¹acciderit,
794 577 900 638 neque
936 557 1022 618 enim
1058 556 1117 618 erit
1151 565 1223 617 toto
1248 561 1395 636 tempore

1198 642 1329 725 malum.¹
1353 687 1396 720 :-

598 788 710 873 Γνώμη
734 787 893 869 λαγωοὺς
917 787 985 868 εἶχε
1009 778 1123 870 μηκέτι
1145 784 1252 870 ζῴειν,

596 893 726 975 πάνταςΙ
750 894 790 959 δὲ
812 895 928 978 λίμνης
952 897 1001 973 εἰς
1025 895 1130 978 μέλαν
1152 899 1268 958 πεσεῖν
1289 892 1394 973 ὕδωρ,

599 1002 755 1068 ὅθοῦνεκ’
782 1002 866 1066 εἰσὶν
889 1001 1139 1082 ἀδρανέστατοι
1160 999 1257 1085 ζῴων

596 1113 711 1196 ψυχάς
735 1111 915 1193 τ’ἄτολμοι,
942 1111 1068 1192 μοῦνον
1092 1107 1223 1187 εἰδότες
1247 1107 1394 1192 φεύγειν.

598 1219 670 1282 ἐπεὶ
693 1217 734 1281 δὲ
756 1218 872 1301 λίμνης
896 1215 1000 1298 ἐγγὺς
1023 1215 1113 1297 ἦσαν
1136 1215 1272 1298 εὐρείης

594 1326 652 1390 καὶ
677 1327 855 1413 βατράχων
878 1325 995 1407 ὅμιλον
1018 1321 1112 1387 είδσν
1135 1323 1283 1387 ἀνταίων

600 1432 730 1520 βαθέην
754 1435 791 1511 ἐς
814 1429 887 1496 ἰλὺν
910 1431 1085 1495 ὀκλαδιστὶ
1108 1430 1299 1513 πηδώντων,

599 1542 847 1621 ἐπεστάθησαν,
873 1539 931 1604 καί
953 1561 1002 1618 τις
1025 1539 1097 1602 εἷπε
1120 1538 1313 1620 θαρσήσας·

602 1650 678 1733 »ἂψ-
694 1647 755 1711 νθν
778 1649 888 1732 ἴωμεν.
901 1661 902 1664 ’
914 1647 1028 1710 οὐκέτι
1051 1647 1161 1728 χρεὼν
1183 1645 1351 1728 θνήσκειν·

354 1843 355 1846 ¹
604 1757 675 1837 ὁρῶ
698 1756 768 1836 γὰρ
792 1747 920 1834 ἄλλαυς
944 1755 1220 1835 ἀσθενεστέρους
1243 1755 1365 1837 ἤμων.»

331 1883 453 1944 *Rom
479 1885 504 1958 Ι,
535 1885 587 1946 18:
636 1881 698 1964 Qui
736 1903 808 1943 eum
837 1880 969 1956 υείενεε,
995 1883 1106 1944 diuum
1130 1879 1265 1943 delubra
1288 1881 1399 1943 omnia

639 1991 783 2052 Vastasti
809 1999 842 2051 et
865 1999 983 2052 cuncta
1007 1988 1148 2070 polluisti
1172 1987 1293 2064 altaria,

636 2096 724 2177 Quid
737 2097 906 2159 effecturas
919 2095 982 2158 iam
998 2117 1110 2178 preces
1123 2098 1228 2159 credis
1238 2095 1345 2159 meas?
1359 2119 1399 2153 z:

331 2225 426 2288 Babr.
442 2226 493 2306 78,
507 2209 572 2302 44-
577 2238 609 2303 5:
628 2222 702 2287 »καὶ
712 2222 817 2300 τίςσε,
828 2219 1080 2303 τέκνον»,φησί,
1095 2223 1179 2285 »τῶν
1186 2223 1276 2284 θεῶν
1284 2217 1398 2298 σώσει;

635 2329 726 2408 τίνος
747 2330 817 2411 γὰρ
840 2329 906 2393 ὑπὸ
917 2331 982 2394 σοί)
1001 2329 1114 2416 βωμὸς
1130 2330 1194 2392 οὐκ
1211 2327 1395 2409 ἐσαλήθη;»

332 2459 426 2520 Rom.
453 2457 476 2533 1,
506 2473 558 2538 17:
600 2456 789 2519 Dormiente
823 2454 918 2518 leone
953 2457 985 2517 in
1020 2455 1111 2532 silua,
1147 2475 1255 2518 mures
1283 2455 1399 2538 agrarii

598 2563 805 2639 luxuriantes
829 2584 902 2626 mus
926 2585 967 2626 ex
992 2563 1052 2626 illis
1075 2553 1173 2646 super
1189 2563 1317 2626 leonem
1334 2583 1399 2626 non

992 2670 1172 2734 uoluntarie
1197 2672 1335 2734 transiit„
1355 2696 1401 2730 =

333 2799 427 2862 Babr.
455 2799 506 2872 82,
537 2814 567 2860 1:
599 2795 822 2880 Κοιμωμένου
846 2795 988 2874 λέοντος
1011 2794 1134 2876 ἀγρίης
1157 2795 1273 2877 χαίτης
1379 2810 1382 2814 ’

600 2902 783 2987 διέδραμεν
810 2905 874 2986 μῦς
896 2924 926 2966 κ.
951 2925 977 2967 τ.
1003 2904 1031 2966 λ.
1309 2900 1312 2904 ’

333 3015 428 3076 Rom.
445 3011 503 3088 IV,
523 3015 575 3076 18:
597 3012 697 3075 Pulex
731 3032 809 3074 uero
842 3013 951 3074 statim
984 3032 1019 3074 se
1053 3015 1129 3074 aute
1159 3012 1261 3092 pedes
1285 3009 1399 3074 cameli

599 3121 750 3195 excussit,
785 3121 886 3182 etsie
911 3120 1032 3181 dixisse
1058 3119 1168 3182 fertur:
1217 3119 1304 3182 Bene
1328 3119 1398 3194 feci,

599 3229 711 3310 inquit,
738 3247 883 3309 parcens
910 3247 950 3288 ne
969 3237 1002 3288 te
1018 3227 1138 3290 diutius
1154 3247 1332 3306 grauarem.
1358 3226 1401 3288 Et

534 3345 536 3348 ’
597 3334 739 3398 camelus
764 3335 807 3396 ad
831 3333 970 3416 pulicem
994 3335 1040 3396 sic
1064 3336 1123 3398 ait:
1172 3333 1300 3397 Gratias
1324 3355 1398 3416 ag0‚

598 3443 655 3506 sed
692 3463 752 3504 nec
786 3457 819 3504 te
854 3443 1008 3524 imposito
1044 3452 1198 3523 grauatus
1232 3463 1314 3517 sum,
1340 3461 1400 3504 nec

874 3571 960 3612 nune
984 3549 1136 3630 deposito
1160 3548 1331 3612 releuatus,
1356 3575 1401 3606 =

333 3658 426 3721 Babr.
453 3660 505 3736 84,
532 3676 566 3738 3:
603 3657 653 3720 »εἴ
675 3672 741 3721 σου
768 3655 905 3743 βαρύνω
929 3655 989 3718 τὸν
1012 3655 1153 3720 τένοντα
1175 3656 1233 3718 καὶ
1256 3655 1367 3733 κλίνω,

598 3763 785 3846 καθεδοῦμ’
801 3763 959 3828 ἀπελθὼν
970 3763 1134 3847 ποταμίης
1148 3765 1198 3826 ἐπ’
1212 3763 1396 3844 αἰγείρου.»

439 3946 466 4013 ⁸)
486 3951 613 4013 Quoniam
633 3966 709 4014 quum
728 3949 794 3998 hanc
808 3927 919 3998 tabulatu
933 3967 948 3999 a
960 3949 1077 3999 Phaedro
1090 3958 1221 3998 tractatam
1235 3965 1291 3998 esse
1305 3949 1399 4008 inueni,

333 4041 469 4090 Romulum
498 4041 581 4105 ipsum
609 4039 671 4088 mihi
701 4040 771 4088 adire
801 4039 850 4089 iam
879 4056 930 4090 non
960 4040 1039 4099 licuit,
1068 4041 1101 4088 ad
1123 4040 1233 4090 fabulam
1253 4057 1268 4088 a
1287 4040 1401 4090 Lucieno

332 4131 457 4179 Muellero
476 4127 593 4192 (Phaedr.
615 4145 640 4193 p.
661 4123 707 4194 88)
727 4130 843 4179 uersibus
862 4145 1007 4194 expressam
1027 4130 1138 4194 coniugi.
