3244 4868
748 391 892 451 μμ

283 595 428 684 tingeret.
477 602 580 664 Multo
616 601 731 664 clarius
766 601 1049 682 confidentiusque
1084 622 1181 682 quam
1218 602 1249 664 in
1285 601 1347 663 hoc

283 709 364 771 libro
399 712 441 771 de
476 711 592 771 eadem
628 711 820 791 quaestione
856 709 886 770 in
922 707 1164 789 prolegomenis
1197 709 1348 770 editionis

284 816 465 878 Babrianae
500 837 579 878 suae
614 836 718 897 nuper
753 817 859 897 editae
894 836 969 896 pag.
999 832 1038 895 32
1063 835 1134 896 sqq.
1159 815 1347 896 disputauit,

285 924 338 986 ubi
362 925 445 986 duos
469 925 674 1004 potissimum
698 923 814 999 sonteS,
840 922 974 985 alterum
993 923 1194 1003 Aesopeum,
1212 921 1347 984 alterum

283 1053 301 1093 e
325 1031 489 1094 rhetorum
513 1041 546 1093 et
569 1031 788 1111 sophistarum
809 1032 1021 1092 recentiorum
1039 1029 1210 1110 disciplina
1227 1029 1304 1110 prol
1338 1065 1348 1074 ·

283 1149 350 1201 tum
387 1160 406 1201 a
437 1139 555 1201 Babrio
578 1137 743 1200 adhibitos
766 1158 838 1200 esse
862 1159 903 1200 ex
928 1139 1007 1218 ipsis
1031 1145 1149 1219 poetae
1173 1137 1349 1217 prooemiis

283 1245 456 1309 concludit.
505 1246 633 1308 Praeter
666 1244 726 1308 hos
750 1245 857 1307 fontes
880 1245 1197 1326 apophtheg'matum
1221 1254 1254 1306 et
1279 1265 1348 1325 pro·

283 1353 466 1416 uerbiorum
491 1352 708 1427 collectiones
734 1351 958 1434 exemplorum
983 1352 1081 1414 etiam
1105 1351 1349 1414 exauctoribus

282 1460 521 1542 antiquioribus
561 1470 799 1541 excerptorum,
844 1459 1018 1522 nonnullos
1058 1459 1195 1522 fortasse
1234 1438 1349 1540 poetas

285 1569 468 1631 uetustioris
503 1569 618 1630 aetatis
653 1579 687 1629 ut
723 1549 903 1629 Hesiodum
940 1587 959 1628 a
995 1566 1112 1628 Babrio
1143 1567 1293 1647 cognitos
1317 1576 1349 1628 et

283 1675 446 1737 adhibitos
481 1696 552 1736 esse
584 1676 701 1737 eodem
728 1675 801 1736 loco
825 1675 965 1736 breuiter
988 1685 1232 1736 commemorat.
1280 1674 1348 1735 lam

283 1793 379 1844 antea
404 1781 694 1862 incncyclopedia
719 1780 1047 1861 Pauly—Wissowae
1076 1780 1105 1842 Il
1130 1801 1161 1861 p.
1178 1781 1346 1862 2658sqq.

283 1890 503 1970 disputatione
539 1888 682 1969 pleniore
717 1899 749 1950 et
784 1889 983 1950 accuratiore
1018 1888 1059 1948 de
1083 1887 1218 1968 singulis
1241 1887 1348 1949 Babrii

284 1996 399 2058 fabulis
423 1997 618 2058 disseruerat
642 1997 819 2057 ostendens
844 1993 969 2057 fabulas
987 2015 1028 2056 ex
1047 1993 1184 2075 Aesopo
1201 2005 1348 2075 sumptas

283 2115 338 2166 aut
383 2105 480 2164 etiam
524 2124 542 2164 a
578 2102 734 2176 Phaedm,
771 2103 825 2182 qui
860 2101 995 2163 similem
1032 2101 1155 2163 fontem
1191 2101 1347 2175 adhibuit,

283 2211 386 2272 afferri
411 2222 467 2272 aut
491 2212 553 2272 iam
575 2209 663 2290 apud
680 2219 829 2271 auctores
845 2209 1034 2289 antiquioris
1050 2210 1165 2270 aetatis
1182 2229 1348 2270 occurrere

283 2329 338 2380 aut
362 2319 399 2378 ἐν
418 2319 571 2399 pohrrroiq
588 2338 607 2378 a
624 2317 724 2379 Suida
740 2315 854 2390 allatis
872 2317 1004 2397 quaein
1021 2317 1070 2376 his
1087 2314 1163 2376 solis
1181 2335 1348 2394 argumen-

283 2426 323 2487 tis
358 2435 534 2498 uersantur,
571 2416 798 2503 transscriptas
826 2444 907 2498 esse,
933 2421 1058 2484 fabulas
1082 2409 1188 2484 autem
1214 2423 1255 2484 ad
1281 2423 1352 2484 rhe·.

283 2543 387 2593 torum
408 2531 611 2611 disciplinam
629 2530 813 2592 referendas
830 2529 1019 2610 plerumque
1035 2541 1090 2592 aut
1107 2531 1138 2590 in
1155 2528 1347 2591 collectioni·

283 2639 343 2701 bus
359 2639 724 2718 paroemiographorum
741 2649 773 2698 et
784 2639 813 2698 in
825 2637 952 2717 scriptis
963 2637 1123 2698 rhetorum
1133 2638 1346 2718 posteriorum

277 2747 418 2828 ¹inueniri
455 2765 552 2826 posse
586 2757 641 2807 aut
676 2745 718 2807 ad
747 2754 922 2824 praecepta
945 2764 1056 2805 eorum
1082 2745 1282 2824 compositas
1305 2764 1347 2804 ex

282 2853 445 2914 ueteribus
480 2863 706 2926 commutatas,
744 2851 870 2913 relictas
905 2871 986 2912 esse.
1035 2851 1109 2912 Hoc
1144 2852 1240 2931 igitur
1273 2850 1347 2912 loco

283 2959 413 3022 Crusius
437 2961 522 3021 uiam
547 2960 758 3034 demonstrat,
785 2979 848 3038 qua
872 2956 1000 3019 fabulae
1024 2958 1213 3032 Babrianae,
1239 2979 1346 3038 quam-

282 3087 379 3147 quam
399 3066 511 3147 quale's
527 3067 625 3128 hodie
643 3067 671 3128 in
690 3066 858 3127 codicibus
873 3064 1031 3145 leguntur,
1051 3063 1138 3127 nullo
1155 3063 1218 3126 alio
1235 3065 1347 3126 ordine

281 3193 380 3255 quam
409 3175 588 3236 secundum
614 3173 825 3258 alphabetum
849 3172 1063 3253 proferuntur,
1089 3173 1121 3233 in
1146 3192 1266 3252 genera
1290 3192 1346 3233 sna

282 3282 414 3362 propria
437 3281 632 3361 digerantur.
680 3279 757 3362 Quo
782 3280 868 3342 facto
892 3299 990 3360 quum
1007 3280 1039 3340 in
1057 3273 1225 3359 prooemio
1243 3280 1348 3360 priore

281 3409 316 3449 se
341 3387 463 3450 sontem
484 3387 674 3468 Aesopeum
691 3387 732 3450 ad
750 3386 875 3449 fabulas
891 3386 1145 3449 conscribendas
1160 3386 1347 3448 adhibuisse

281 3496 368 3557 dicat
385 3502 492 3576 poeta,
511 3496 543 3556 in
561 3496 739 3575 posteriore
755 3514 793 3554 se
809 3495 963 3555 rationem
984 3493 1145 3554 rhetorum
1162 3504 1345 3555 secuturum

281 3623 352 3664 esse
375 3601 572 3683 profiteatur,
591 3603 686 3664 etiam
705 3621 788 3681 quae
806 3599 934 3662 fabulae
951 3602 1057 3681 priori,
1076 3622 1160 3681 quae
1178 3602 1345 3686 posteriori

281 3709 386 3771 Babrii
412 3709 494 3772 libro
519 3709 730 3771 ascribendae
754 3709 827 3781 sint,
853 3708 990 3769 discerni
1015 3709 1142 3787 poterit.
1166 3751 1168 3754 -
1191 3706 1288 3788 Quod
1306 3709 1347 3770 de

281 3817 387 3879 llabrii
424 3816 568 3880 lontibus
604 3815 851 3878 Rutherlordius
876 3816 907 3876 in
932 3814 1172 3895 prolegomenis
1196 3816 1347 3878 editionis

283 3946 361 3988 suae
397 3913 471 4006 pag.
509 3924 569 3986 XL
605 3944 675 4005 sqq.
706 3933 799 3984 caute
824 3923 962 3984 coniecit
985 3921 1127 3984 libellum
1154 3922 1346 3984 llabrianum

280 4033 355 4094 nihil
381 4032 468 4095 aliud
493 4053 565 4094 esse
589 4053 685 4114 quam
705 4031 916 4111 paraphrasin
936 4031 1101 4092 metricam
1119 4030 1345 4110 decamythiae

281 4139 464 4214 Nicostrati,
491 4141 522 4202 id
547 4152 579 4202 et
604 4142 681 4221 ipsis
705 4139 821 4210 uerbis,
848 4159 932 4218 quae
956 4139 987 4200 iu
1013 4139 1187 4218 prooemiis
1211 4139 1251 4198 de
1279 4135 1346 4197 lon-
