3244 4868
628 1035 927 1110 Praedicenda.

352 1249 474 1312 Fontes
508 1249 620 1317 Babrii
652 1261 687 1312 ut
722 1251 897 1312 nemodum
933 1271 999 1314 uno
1029 1271 1130 1332 opere
1154 1252 1313 1314 continuo

244 1355 466 1436 explorandos
489 1357 550 1419 sibi
574 1359 755 1438 proposuit,
781 1359 825 1419 ita
842 1357 932 1420 multi
948 1358 1006 1420 uiri
1023 1359 1111 1420 docti
1128 1359 1159 1420 in
1176 1358 1311 1440 singulis

244 1443 341 1525 libelli
365 1465 433 1526 eius
457 1465 604 1544 partibus
625 1465 801 1546 singulisue
820 1464 936 1527 fabulis
951 1465 993 1527 ad
1012 1466 1170 1546 originem
1187 1467 1309 1528 uariam

243 1573 436 1633 reuocandis
473 1571 731 1635 elaborauerunt.
779 1571 889 1654 Quum
926 1574 1012 1636 enim
1048 1573 1090 1635 de
1105 1616 1108 1620 -
1122 1574 1311 1636 recensione

243 1688 363 1754 textuS,
389 1679 431 1740 de
456 1699 489 1740 re
512 1680 735 1760 grammatica,
760 1680 802 1741 de
827 1701 860 1742 re
885 1682 1026 1756 metrica,
1052 1681 1095 1742 de
1111 1681 1251 1756 nomine,
1269 1683 1312 1742 de

242 1796 349 1849 aetate
373 1785 480 1848 Babrii
505 1787 773 1866 disputauerunt,
789 1807 885 1868 quam
906 1789 1096 1868 saepissime
1112 1789 1310 1869 etiamtquos

242 1902 392 1955 auctores
415 1913 435 1955 a
458 1893 577 1956 Babrio
602 1895 643 1956 ad
668 1895 858 1956 imitandum
883 1905 1032 1976 sumptos
1050 1894 1310 1958 esse'uerisimile

243 2011 338 2075 esset,
374 2003 543 2082 exquirere
578 2003 686 2063 coacti
717 2013 801 2064 sunt.
849 2002 1015 2084 Quoniam
1044 2012 1151 2064 autem
1166 2001 1309 2065 -Crusius

242 2109 274 2169 in
309 2108 401 2183 libro,
438 2111 492 2189 qui
527 2109 710 2171 inscribitur
746 2109 816 2171 »De
839 2109 947 2171 Babrii
971 2120 1097 2172 aetate»
1126 2110 1311 2192 (Leipziger

243 2214 334 2278 Stud.
361 2215 410 2300 ll),
436 2236 559 2290 omneS,
585 2217 639 2296 qui
664 2227 760 2278 antea
784 2217 826 2278 de
849 2217 968 2279 Babrio
991 2218 1197 2298 scripserant,
1216 2217 1309 2280 lacile

241 2325 404 2404 superauit
428 2333 460 2384 et
484 2324 573 2385 initio
596 2324 881 2386 commentationis
904 2335 1116 2405 conspectum
1141 2324 1217 2388 lecit
1238 2346 1309 2387 auc·

241 2441 356 2506 torum,
382 2432 436 2512 qui
461 2441 535 2511 post
559 2431 711 2493 Babrium
735 2432 901 2494 inuentum
926 2434 967 2494 de
991 2443 1099 2494 aetate
1123 2433 1202 2508 eiuS,
1224 2453 1309 2513 quae

241 2538 388 2617 quaestio
410 2539 552 2600 maxime
569 2527 609 2600 ad
627 2536 826 2618 exemplaria
842 2540 983 2600 auctoris
1000 2539 1194 2601 inuenienda
1212 2538 1307 2612 ualet,

240 2645 496 2724 disputauerant,
521 2645 608 2707 haud
633 2665 717 2725 opus
741 2646 800 2708 erit
824 2665 934 2708 eorum
960 2647 1078 2708 iudicia
1102 2646 1225 2708 afferre.
1263 2646 1309 2707 Vt

241 2752 336 2832 igitur
371 2772 390 2814 a
424 2751 506 2814 libro
542 2751 595 2814 illo
631 2751 734 2815 Crusii
759 2753 922 2833 incipiam,
947 2754 974 2814 is
998 2754 1128 2834 quidem
1153 2753 1306 2814 Babrium

241 2878 410 2920 romanum
447 2859 544 2922 luisse
579 2861 684 2921 causis
711 2861 851 2922 metricis
875 2870 906 2922 et
930 2862 1151 2941 grammaticis
1175 2861 1308 2922 demon-

239 2976 340 3028 strare
373 2976 509 3028 conatus
542 2968 638 3028 etiam
669 2978 861 3048 argumenta
885 2966 1038 3030 nonnulla
1062 2966 1242 3030 fabularum
1266 2969 1308 3032 ad

239 3075 396 3156 originem
421 3093 589 3136 romanam
614 3074 733 3137 rettulit
756 3085 791 3136 ut
816 3073 879 3136 lab.
911 3092 957 3150 11,
983 3089 1035 3154 95.
1063 3073 1114 3160 (cl.
1143 3095 1216 3156 pag.
1249 3077 1307 3137 182

240 3181 369 3266 -189).
418 3183 546 3245 Deinde
588 3184 810 3263 disputatione
831 3223 833 3226 -
851 3184 987 3264 copiosa
1004 3223 1006 3227 -
1025 3203 1100 3264 pag.
1133 3197 1305 3263 204-225

239 3290 355 3353 multas
379 3291 486 3353 Babrii
512 3290 636 3354 fabulas
659 3291 702 3352 ab
725 3290 968 3371 exemplaribus
992 3291 1128 3353 diuersis
1150 3291 1309 3371 antiquio·

90 3423 92 3430 ’
165 3415 167 3419 ·
239 3399 325 3461 ribus
361 3398 616 3461 transformatas'
639 3417 710 3460 esse
746 3399 897 3474 ostendit,
925 3418 1000 3480 pag.
1028 3400 1202 3478 226-»237
1227 3395 1308 3460 alias

240 3506 282 3566 ad
318 3506 440 3569 fontem
475 3507 698 3580 recentiorem,
736 3525 832 3586 quem
865 3505 1040 3567 Nicostrati
1064 3505 1307 3586 decamytliiam

239 3611 337 3674 fuisse
370 3615 519 3689 coniecit,
556 3623 633 3687 arte,
668 3614 845 3687 sententiis,
884 3613 1028 3675 moribus
1062 3614 1094 3674 in
1118 3613 1168 3674 his
1192 3611 1308 3675 fabulis

239 3717 373 3798 prolatis
407 3731 592 3783 commotus
628 3719 798 3782 transtulit.
847 3721 915 3782 Iam
951 3722 1048 3802 igitur
1082 3723 1114 3783 in
1139 3721 1201 3782 hoc
1225 3719 1307 3782 libro
1407 3755 1409 3760 ·

239 3823 371 3887 Crusius
406 3848 505 3907 quum
541 3847 583 3888 ex
619 3829 818 3907 argumentis
852 3827 1032 3891 fabularum
1057 3827 1185 3891 efficere
1209 3826 1308 3890 uellet

238 3932 390 3994 Babrium
426 3935 613 4014 posterioris
648 3936 765 3996 aetatis
800 3946 966 3998 auctorem
1000 3956 1081 4010 esse,
1111 3934 1308 3998 intellexisse
1342 4015 1345 4022 ,

238 4041 363 4102 uidetur
397 4047 529 4121 poetam
559 4041 665 4118 sontes
688 4041 750 4104 sibi
774 4044 953 4124 sumpsisse
977 4043 1058 4105 inter
1082 4063 1117 4104 se
1141 4040 1238 4122 plane
1263 4041 1307 4103 di-

149 4179 152 4186 *
237 4169 357 4219 uersos,
384 4167 520 4227 quorum
546 4161 738 4227 argumenta
762 4160 959 4223 retractaret,
985 4149 1239 4222 transformaret,
1264 4169 1306 4210 re·
