3260 4882
686 395 860 458 ..9,.„

235 595 344 677 Quum
381 605 489 656 autem
526 595 558 656 id
595 594 760 674 proprium
795 604 882 655 esset
918 591 1071 656 librorum
1105 590 1242 672 Aesopi,
1267 591 1304 654 ut

235 701 361 765 fabulas
394 703 584 783 reciperent,
620 721 704 783 quae
740 721 759 762 a
795 699 917 782 populo
952 698 1050 782 uulgo
1080 699 1300 790 narrabantur,

235 811 350 874 mirum
386 809 484 872 uideri
521 828 588 872 non
624 818 734 888 potest
769 807 921 871 Babrium
958 808 989 869 in
1016 805 1103 870 sonte
1126 827 1186 870 suo
1210 827 1301 888 argu·

235 928 343 980 menta
368 918 539 991 inuenisse,
570 936 656 997 quae
679 916 795 978 eadem
820 914 1020 978 Archilocho
1044 916 1177 996 cognita
1200 923 1299 978 erant.

235 1026 283 1087 Re
306 1045 383 1086 uera
406 1026 451 1088 ita
476 1023 596 1088 sactum
621 1044 693 1087 esse
717 1034 912 1106 argumento
936 1024 1015 1086 satis
1039 1021 1212 1086 manifesto
1229 1043 1299 1104 pro·

234 1133 301 1194 bari
327 1143 425 1213 pos'se
448 1133 556 1194 credo,
925 1183 933 1200 ,-

340 1239 539 1321 Fragmento
574 1238 762 1302 Archilochi
788 1240 830 1301 86
854 1239 935 1320 ng.
961 1239 1048 1301 idem
1072 1249 1298 1318 argumentum

232 1348 404 1423 contineri,
436 1347 525 1428 quod
560 1357 610 1408 est
645 1347 741 1409 Babr.
778 1363 848 1421 100,
873 1347 943 1408 sine
967 1346 1066 1408 dubio
1092 1353 1178 1408 recte
1202 1356 1301 1408 statu·
1354 1333 1356 1337 ¹

222 1465 325 1518 erunt
361 1456 419 1517 uiri
454 1454 543 1516 docti
578 1464 612 1516 ut
637 1453 832 1528 Huscbkins,
858 1443 1034 1516 Grauertus
1058 1453 1205 1538 (quorum
1230 1474 1300 1517 sen-

233 1563 350 1626 tentias
385 1583 404 1624 e
438 1561 525 1626 libris
561 1562 726 1624 Neubneri
761 1577 793 1623 et
817 1561 919 1624 Crusii
943 1561 1105 1646 cognobi),
1132 1562 1299 1643 Rergklus,

233 1669 373 1732 Cnrsius
422 1669 520 1751 Quod
545 1669 586 1731 de
609 1668 803 1732 animalibus
827 1681 936 1750 partes
960 1654 1133 1751 agentibus
1157 1670 1239 1732 inter
1262 1690 1298 1731 se
1369 1707 1370 1713 κ

232 1778 421 1840 discordant
456 1787 616 1852 auctores,
635 1786 682 1839 'ut
706 1776 925 1840 Archilochus
949 1779 1121 1860 ceterique,
1146 1778 1201 1858 qui
1225 1797 1298 1840 ean·
1389 1789 1392 1794 ’

231 1887 305 1948 dem
343 1884 483 1946 fabulam
508 1894 649 1958 narrant,
674 1883 816 1966 uulpem,
842 1885 978 1948 Babrius
1002 1883 1130 1948 leonem
1155 1886 1298 1960 inducat,

231 1992 382 2068 uidimus,
408 2013 506 2073 quum
532 1992 574 2054 de
600 1991 715 2055 sabulis
739 1991 876 2054 Phaedri
900 1992 1053 2055 etBabrii
1069 1993 1298 2058 communibus

230 2100 408 2181 disputatio
443 2111 521 2175 erat,
558 2098 654 2162 talem
688 2110 856 2164 auctorum
891 2101 933 2162 de
958 2101 1104 2181 personis
1128 2101 1299 2164 dissensio-

231 2227 304 2269 nem
340 2208 419 2270 satis
448 2207 632 2288 frequenter
656 2208 801 2272 inueniri.
850 2207 1066 2271 Archilochus
1091 2229 1190 2290 quum
1214 2208 1298 2271 banc

230 2314 372 2376 fabulam
409 2326 594 2378 narraturus
619 2336 637 2376 a
661 2315 769 2378 uerbis
796 2314 912 2394 »αἰνός
935 2336 984 2394 τις
1008 2314 1198 2395 ἀνθρώπων
1213 2314 1294 2379 ὅδε»

229 2423 351 2503 incipit,
388 2422 475 2484 haud
512 2423 610 2485 dubie
645 2423 789 2486 ostendit
823 2443 859 2486 se
894 2435 1132 2505 argumentum,
1164 2424 1298 2506 quoda

229 2529 442 2611 popularibus
477 2531 546 2592 eius
571 2530 670 2612 uulgo
696 2531 886 2595 narrabatur
910 2533 1048 2594 necdum
1072 2533 1105 2594 in
1128 2531 1193 2594 ullo
1217 2530 1299 2594 libro

228 2636 293 2718 legi
318 2648 455 2718 poterat,
481 2636 635 2715 attulisse,
660 2641 748 2720 quud
773 2639 871 2701 etiam
896 2640 1022 2702 monuit
1039 2639 1193 2703 Neubner
1209 2640 1295 2722 (pag.

228 2747 271 2824 9).
305 2744 404 2826 Quod
428 2755 535 2808 autem
560 2745 801 2827 Aristophanes
825 2767 876 2809 au.
902 2747 962 2826 651
991 2749 1128 2810 eandem
1154 2746 1296 2811 fabulam

228 2851 278 2913 uel
304 2853 412 2932 potius
436 2851 573 2932 γέλοιον
594 2853 721 2935 Aesopi
738 2873 810 2916 esse
826 2854 904 2916 dicit
920 2853 970 2938 (cl.
989 2854 1152 2917 Neubner.
1171 2875 1246 2936 pag.
1265 2874 1295 2935 9,

228 2958 346 3022 Keller.
364 2941 460 3041 pag.
495 2959 579 3044 382),
605 2961 681 3023 inde
706 2960 798 3024 facile
822 2961 1025 3024 concluditur
1048 2961 1220 3043 Aesopum
1246 2962 1296 3026 uel

227 3077 386 3141 auctores
411 3069 465 3148 qul
489 3068 550 3132 sub
574 3070 643 3130 eius
667 3070 798 3131 nomine
822 3068 933 3145 latent,
958 3082 1007 3144 ea,
1032 3090 1117 3151 quae
1134 3091 1153 3132 a
1170 3070 1293 3153 populo
1387 3074 1393 3080 ’

228 3176 348 3238 narrari
378 3176 579 3251 audiuerant,
605 3178 636 3239 in
661 3175 760 3239 libros
784 3197 862 3239 suos
886 3179 1056 3259 recepisse.
1106 3178 1215 3259 Quum
1240 3181 1295 3261 igi·

227 3293 278 3344 tur
307 3284 387 3345 satis
411 3283 585 3364 probatum
610 3284 759 3346 uideatur
782 3305 854 3348 esse
879 3287 910 3348 in
934 3285 1023 3348 libris
1048 3286 1175 3368 Aesopi
1200 3289 1296 3350 exsti·

226 3391 303 3452 tisse
338 3402 540 3472 argumenta,
565 3411 648 3472 quae
672 3393 786 3454 eadem
811 3393 1012 3457 Archilocho
1036 3396 1168 3476 cognita
1192 3406 1293 3470 erant,

200 3517 360 3560 necesse
402 3519 466 3560 non
510 3500 568 3562 erit
612 3519 686 3561 curn
723 3500 837 3563 Crusio
873 3513 1015 3566 statuere
1050 3503 1203 3567 Babrium
1239 3513 1317 3568 aut·

226 3604 325 3668 libros
360 3607 450 3686 ipsos
479 3606 667 3670 Archilochi
704 3619 760 3672 aut
783 3621 939 3691 excerpta
963 3632 1073 3673 eorum
1098 3612 1294 3689 adhibuisse,

126 3719 132 3728 ‘
224 3715 283 3774 sed
318 3723 432 3776 contra
465 3734 539 3776 eum
569 3715 834 3779 contendendum
859 3739 931 3780 esse
954 3739 1072 3782 censeo
1096 3731 1129 3782 et
1152 3720 1293 3784 fabulam

230 3835 291 3882 100
326 3830 358 3882 et
383 3823 435 3897 81,
461 3823 551 3884 cuius
576 3835 802 3903 argumentum
827 3824 1011 3908 fragmento
1037 3827 1226 3891 Archilochi
1251 3832 1293 3908 89

224 3926 306 4007 ng.
332 3926 383 4010 (cl.
409 3929 663 4010 disputationem
689 3931 818 4012 Bergkii
843 3933 932 3996 Poct.
958 3934 1037 4014 Lyr.
1062 3935 1101 4009 ll,
1121 3937 1198 4015 708)
1214 3946 1294 3998 trac-

224 4034 284 4096 tari
319 4035 468 4098 uiderunt
493 4035 624 4100 Crusius
648 4038 766 4120 etalii,
793 4059 812 4101 a
836 4040 955 4108 Babrio
979 4063 997 4104 e
1023 4041 1111 4104 sonte
1135 4042 1292 4130 Aesopeo

224 4140 397 4212 translatas
421 4163 501 4214 esse,
808 4135 810 4139 ’
