3260 4882
787 387 962 458 „80-

335 618 427 670 catus
450 606 756 683 est'Wellmannus,
782 608 924 689 quodam
950 608 1050 670 modo
1067 607 1261 671 cohaesisse.
1302 604 1401 688 Quod

338 714 426 777 nullo
461 715 561 776 modo
585 716 630 778 ita
654 716 880 796 accipiendum
904 735 976 778 esse
1000 734 1129 789 censeo,
1154 724 1244 777 utet
1268 714 1404 777 Babrius
1432 779 1435 786 ,

336 832 392 885 aut
425 823 546 903 scripta
580 821 764 885 Alexandri
799 822 927 903 Myndii
961 824 1153 904 cognouerit
1191 832 1247 884 aut
1269 823 1404 885 eosdem

335 939 487 993 auctores
521 950 604 1010 quos
639 930 691 992 hic
726 924 934 1012 excerpserit.
983 930 1091 1012 Quum
1124 940 1233 992 autem
1257 948 1404 1010 compro

339 1037 466 1101 bauerit
483 1035 708 1100 Wellmannus
724 1036 949 1100 Alexandrum
966 1036 1087 1100 multos
1104 1047 1254 1102 auctores
1270 1037 1404 1118 antiqui-

336 1147 400 1206 oris
433 1146 547 1207 aetatis
571 1143 808 1226 compilaulsse,
834 1165 900 1206 non
924 1144 1039 1207 dubito
1063 1145 1139 1227 quin
1166 1144 1266 1208 multa
1290 1162 1402 1208 eorum

335 1254 587 1334 paradoxorum,
612 1272 695 1334 quae
719 1251 851 1333 protulit
875 1251 1074 1327 Alexander,
1100 1254 1198 1316 etiam
1215 1255 1247 1315 in
1264 1250 1401 1316 collecti·

335 1380 431 1422 onem
472 1359 662 1440 Aesopeam
695 1360 803 1422 Babrii
838 1361 1032 1442 irrepserint.
1087 1360 1171 1422 Nam
1209 1362 1242 1422 in
1276 1358 1404 1442 sylloga

337 1468 465 1549 Aesopi
490 1468 622 1530 nomine
646 1467 781 1548 prolata,
806 1487 904 1549 quam
930 1468 1077 1531 adhibuit
1100 1467 1244 1543 BabriuS,
1269 1466 1403 1531 alteram

336 1595 466 1657 quoque
497 1585 623 1656 partem
648 1575 892 1656 paradoxorum
908 1584 941 1638 et
963 1573 1107 1654 γελοίων
1131 1577 1214 1638 sicut
1238 1576 1271 1638 in
1296 1595 1403 1638 exem·

335 1681 416 1764 plari
451 1683 588 1746 Phaedri
620 1683 784 1746 exstitisse
818 1703 858 1744 ea
882 1703 924 1744 ex
960 1703 994 1744 re
1024 1681 1153 1764 collig0,
1179 1683 1267 1764 <ruod
1292 1693 1324 1745 et
1348 1685 1403 1746 irn-

335 1788 505 1871 probabile
539 1791 666 1854 uidetur
700 1809 771 1853 esse
806 1790 914 1852 Babrii
938 1790 1054 1853 librum
1080 1790 1271 1872 Aesopeum
1296 1789 1402 1853 solum

335 1918 355 1960 a
389 1899 505 1960 ceteris
538 1896 696 1961 similibus
731 1896 893 1960 distulisse
928 1909 961 1961 et
995 1899 1083 1980 apud
1118 1905 1250 1979 poetam
1275 1895 1402 1960 fabulae

335 2016 466 2068 exstant
497 2006 585 2068 haud
609 2005 706 2068 dubie
730 2005 773 2067 ad
797 2006 967 2086 paradoxa
991 2000 1044 2068 illa
1068 2016 1100 2068 et
1123 2005 1243 2086 γέλοια
1266 2004 1402 2068 reseren-

335 2114 406 2176 dae.
441 2111 588 2194 Quarum
612 2123 804 2193 argumenta
828 2134 927 2194 quum
951 2113 1038 2176 haud
1063 2127 1134 2177 raro
1158 2133 1232 2176 cum
1250 2112 1401 2188 Aeliano,

336 2219 501 2301 Oppian0,
543 2219 724 2296 Plutarcho,
761 2219 862 2282 Plinio
898 2223 1083 2284 communia
1117 2221 1218 2283 habet
1254 2221 1399 2295 Rubrius,

335 2330 424 2409 apud
463 2339 613 2392 auctores
652 2329 850 2412 antiquiores
890 2349 962 2391 raro
1002 2338 1307 2392 commemorantur.
1364 2328 1401 2390 In

335 2435 527 2499 collectione
551 2446 660 2498 tamen
684 2435 863 2498 fabularum
889 2436 996 2518 aliqua
1020 2437 1168 2517 prosaica
1184 2455 1223 2499 ea
1239 2438 1402 2499 exstitisse

336 2542 429 2606 facile
464 2545 540 2606 inde
573 2543 783 2618 concluditur,
818 2545 906 2625 quod
931 2545 962 2606 in
987 2543 1178 2606 collectione
1202 2542 1323 2606 Halmii
1347 2565 1401 2606 no·

335 2651 385 2713 bis
407 2661 556 2714 seruatae
580 2662 663 2715 sunt.
707 2650 754 2714 Vt
777 2653 874 2732 igitur
897 2653 939 2714 de
963 2650 1080 2714 sabulis
1103 2651 1248 2714 eiusdem
1274 2653 1401 2732 generis
1504 2689 1508 2696 ·

334 2759 479 2834 Phaedri,
515 2760 560 2820 ita
583 2759 625 2821 de
649 2759 756 2820 Babrii
781 2760 989 2821 statuendum
1013 2769 1063 2820 est
1086 2779 1142 2821 eas
1166 2757 1268 2820 multo
1292 2759 1398 2821 minus

334 2885 431 2947 quarn
455 2865 581 2928 fabulas
604 2865 778 2948 Aesopeas
802 2867 1013 2928 uetustiorum
1038 2885 1192 2946 generum
1217 2867 1249 2928 in
1266 2867 1400 2948 antiqui-

333 2983 400 3037 tate
425 2974 671 3056 percrebruisse.

440 3079 549 3162 Quum
585 3083 626 3145 dc
661 3083 836 3163 generibus
870 3083 1100 3145 uetustioribus
1124 3081 1184 3146 illis
1209 3081 1398 3144 Hausrathii

333 3188 511 3252 fabularum
546 3191 753 3253 statuendum
789 3199 858 3252 erat
893 3191 1025 3252 easdem
1062 3189 1187 3252 fabulas
1215 3188 1310 3252 simili
1334 3189 1400 3252 fere

332 3298 433 3359 modo
473 3307 617 3360 narratas
656 3297 806 3360 omnibus
841 3297 1088 3360 collectionibus
1122 3318 1198 3360 uere
1233 3297 1398 3378 Aesopeis

334 3403 524 3486 complexas
558 3425 639 3482 esse,
665 3407 697 3467 in
721 3407 816 3467 tertio
840 3425 960 3486 genere
983 3415 1015 3467 et
1039 3407 1071 3468 in
1096 3405 1224 3485 Aesopi
1251 3403 1401 3484 γελοίοις

333 3513 505 3574 afferendis
540 3533 596 3575 eas
631 3512 764 3576 multum
803 3514 885 3575 inter
908 3533 943 3574 se
967 3514 1159 3575 dissensisse
1183 3511 1332 3574 facillime
1355 3512 1399 3574 in·

332 3618 492 3700 telligitur.
540 3620 755 3684 Hausrathius
790 3619 883 3704 (neue
914 3619 1023 3701 Jahrb.
1055 3621 1146 3698 1898,
1171 3620 1195 3694 I,
1220 3639 1296 3702 pag.
1324 3618 1399 3703 309)

332 3737 418 3790 recte
441 3740 552 3790 monet
575 3729 634 3791 has
659 3727 784 3791 fabulas
807 3749 827 3789 a
851 3727 1156 3808 paradoxographis
1181 3737 1214 3788 et
1236 3726 1397 3789 collectio·

332 3835 426 3898 nibus
461 3836 778 3918 apophthegmatum
809 3835 1035 3896 diuersissimis
1059 3834 1222 3915 proiectas
1246 3835 1287 3896 ad
1313 3854 1399 3896 com·

331 3945 485 4024 pendium
510 3942 592 4012 ¹illud
617 3944 743 4025 Aesopi
768 3942 1021 4004 uetustissimum
1045 3944 1231 4004 accessisse.
1280 3941 1397 4004 Mirum

331 4052 428 4133 igitur
461 4073 527 4114 non
563 4062 612 4114 est
635 4051 844 4113 collectiones
868 4049 1049 4130 AesopeaS,
1076 4070 1212 4132 quarum
1236 4051 1323 4130 prior
1346 4048 1398 4112 illa

331 4180 405 4241 pars
429 4181 527 4241 quarn
552 4159 731 4222 diutissime
755 4157 928 4226 immutata
952 4158 1114 4232 manebat,
1140 4168 1176 4220 ut
1200 4177 1397 4220 econsensu
