3260 4882
743 361 942 424 „104-

308 559 477 643 aequalem
515 559 621 634 fuisse.
670 559 763 641 Quae
798 579 897 641 quum
934 561 978 624 ita
1013 561 1086 634 sint,
1111 561 1255 640 sequitur
1278 559 1373 622 Nico·

307 677 442 732 stratum
467 667 604 730 Theone
627 665 810 730 inferiorem
835 667 940 732 fuisse.
982 667 1132 730 Ceterum
1156 659 1256 748 quum
1280 665 1373 729 Nico

307 786 426 838 stratus
450 785 577 856 praeter
593 785 719 837 ceteros
736 775 898 837 rhetorum
917 777 1131 857 posteriorum
1147 773 1243 837 laude
1259 793 1373 856 aequa-

306 882 384 946 lium
419 903 550 945 suorum
586 881 801 945 celebraretur
835 880 885 966 (cl.
923 883 1162 946 Westermanu.
1189 903 1264 964 pag.
1292 897 1354 944 212

308 991 435 1065 Rhode,
472 989 599 1052 Griech.
636 990 776 1066 Roman,
813 1009 887 1071 pag.
927 991 990 1070 326
1025 992 1112 1052 adn..
1141 993 1180 1069 1),
1206 990 1294 1054 credi
1316 991 1372 1052 uix

308 1107 418 1179 potest
441 1097 622 1171 Theonem,
648 1119 712 1178 qua
735 1108 805 1160 erat
828 1097 995 1178 diligentia
1019 1099 1051 1160 in
1074 1097 1260 1160 auctoribus
1276 1089 1373 1160 citan-

308 1205 358 1267 dis
393 1205 445 1285 (cs.
483 1204 696 1287 Hoppichler.
735 1225 809 1286 pag.
837 1203 898 1289 27),
923 1207 950 1268 si
975 1205 1216 1288 decamythiam
1241 1204 1374 1266 adhibu-

308 1314 395 1386 isset,
420 1313 476 1374 uiri
503 1310 670 1375 clarissimi
694 1313 892 1374 mentionem
917 1312 1022 1374 facere
1046 1313 1240 1374 omissurum
1264 1311 1371 1374 fuisse.

309 1418 370 1480 His
393 1420 490 1501 igitur
513 1421 628 1482 causis
642 1419 803 1483 adductus
826 1441 867 1482 ne
890 1419 1041 1488 Babrium
1066 1421 1199 1501 quidem
1223 1419 1374 1500 decamy-

308 1525 409 1588 thiam
433 1527 609 1590 Nicostrati
630 1527 818 1589 adhibuisse
834 1527 942 1602 credo,
963 1527 1020 1590 sed
1038 1526 1133 1590 aliam
1150 1525 1375 1590 collectionem

308 1635 415 1696 minus
449 1635 624 1714 cognitam,
661 1634 747 1696 unde
784 1635 894 1696 nescio
929 1653 971 1696 an
1003 1636 1073 1716 ipse
1097 1633 1302 1698 Nicostratus
1325 1655 1374 1710 ea,

307 1762 393 1822 quae
427 1762 501 1804 eum
537 1762 608 1804 cum
645 1742 764 1805 Babrio
799 1743 985 1805 communia
1008 1742 1130 1804 habere
1153 1743 1275 1806 inuenit
1299 1742 1374 1806 Cru-

308 1852 375 1912 sius
398 1849 549 1912 hauserit.

352 2039 356 2049 ¹
415 1957 461 2020 Vt
492 1955 700 2019 collectiones
724 1955 899 2038 populares
923 1957 1096 2038 Aesopeas
1120 1959 1152 2020 in
1176 1960 1375 2039 argumentis

308 2064 482 2127 afferendis
517 2063 707 2145 plerumque
730 2065 813 2127 inter
835 2085 871 2126 se
895 2067 1099 2128 consensisse
1122 2085 1220 2147 supra
1244 2066 1375 2130 demon·

308 2182 443 2235 stratum
479 2182 537 2248 est,
573 2172 618 2234 ita
642 2172 728 2234 idem
753 2171 819 2234 fere
843 2174 884 2234 de
908 2171 1154 2235 collectionibus
1177 2174 1248 2234 usui
1272 2173 1375 2235 rheto-

308 2300 377 2341 rum
419 2279 610 2359 compositis
652 2277 792 2340 ualuisse
832 2279 1048 2342 Hausrathius
1085 2279 1103 2342 l.
1142 2278 1160 2343 l.
1198 2299 1274 2361 pag.
1312 2296 1376 2359 320

309 2385 545 2449 animaduertit.
583 2386 658 2449 Non
682 2385 797 2449 dubito
822 2387 898 2468 quin
925 2397 1010 2449 recte
1027 2407 1045 2448 e
1062 2387 1274 2450 uarietatibus
1290 2386 1375 2449 lecti·

307 2515 405 2557 onum
446 2491 617 2556 multarum
657 2492 847 2569 fabularum,
887 2515 969 2576 quas
1008 2495 1143 2575 praebet
1182 2494 1302 2570 Halm,
1342 2504 1376 2558 et

308 2602 478 2676 erroribus
515 2602 570 2682 qui
607 2601 769 2682 magistris
804 2612 996 2682 argumenta
1031 2621 1097 2664 non
1121 2601 1375 2682 intelligentibus

308 2711 346 2772 iis
381 2710 498 2783 insunt,
535 2706 728 2771 concluserit
762 2707 962 2790 exemplaria
993 2708 1103 2771 talium
1141 2708 1320 2772 fabularum
1343 2712 1377 2772 in

309 2817 454 2880 fontibus
486 2816 638 2878 omnibus
673 2837 790 2878 manca
827 2817 998 2879 exstitisse.
1047 2817 1138 2879 Idem
1174 2819 1222 2880 uir
1256 2818 1374 2880 doctus

309 2945 385 3006 pag.
413 2941 486 3003 321,
512 2945 577 3004 quo
601 2925 737 2986 certiore
761 2935 954 3006 argumento
978 2924 1157 2988 firmaretur
1180 2926 1377 3001 coniectura,

309 3033 434 3095 monuit
458 3032 792 3094 Pseudo-Dositheum
817 3033 849 3094 in
874 3043 941 3094 arte
965 3034 1178 3114 grammatica
1203 3031 1328 3095 fabulas
1343 3043 1376 3095 et

308 3160 425 3221 graece
460 3149 493 3202 et
528 3138 626 3200 latine
661 3139 814 3220 prolerre,
849 3159 986 3221 quarum
1018 3138 1134 3202 latinas
1158 3161 1232 3202 curu
1256 3139 1373 3203 fabulis

288 3235 448 3323 ¹Romuli,
474 3247 707 3328 paraphrastae
731 3247 878 3323 Phaedri,
903 3267 1000 3328 quarn
1026 3248 1176 3328 proxime
1200 3247 1375 3310 cohaerere

310 3356 421 3431 uideri,
458 3375 593 3436 graecas
628 3355 709 3417 miro
745 3341 888 3436 quodam
920 3354 1020 3416 modo
1045 3375 1119 3416 cum
1144 3354 1269 3431 sabulis,
1294 3375 1378 3436 quae

309 3460 427 3525 tabulis
451 3463 567 3524 ceratis
591 3463 768 3543 impressae
791 3461 961 3543 Palmyrae
984 3463 1137 3525 inuentae
1160 3474 1279 3538 essent,
1303 3482 1378 3525 con·

309 3571 438 3634 sentire.
