3244 4868
789 388 963 472 -64-

329 604 373 669 id
407 606 596 669 translatum
620 627 691 670 esse
715 608 849 670 uidetur.
898 608 996 670 Vnde
1020 607 1097 670 mihi
1122 609 1188 670 ueri
1212 607 1409 671 simillimum

341 715 468 778 uidetur
502 734 574 777 esse
609 715 751 777 uerbum·
782 737 801 778 a
836 723 934 796 poeta
970 725 1082 778 nostro
1119 735 1185 778 non
1219 715 1299 778 satis
1323 727 1410 779 recte

339 821 537 885 intellectum
573 841 658 899 esse;
692 843 767 886 narn
805 822 953 910 βέβυστο
988 822 1113 903 χόλοιο,
1151 825 1241 905 quod
1264 833 1316 886 est
1344 825 1409 886 »ira

341 929 458 992 reserta
481 940 581 1004 erat»,
608 949 626 992 a
651 931 757 1012 po'etis
780 932 921 1012 antiquis
944 932 1029 994 serio
1049 931 1113 993 dici
1128 951 1195 994 non
1210 930 1314 994 solere
1330 932 1409 994 satis

339 1047 478 1100 testatur
501 1037 742 1120 Aristophanes
761 1040 835 1101 ioco
852 1039 951 1101 uerba
968 1040 1129 1120 quaedam
1146 1039 1288 1122 fingens:
1305 1040 1408 1102 adiec-

340 1146 442 1207 tiuum
466 1144 691 1232 νοοβυστικός
715 1156 747 1209 et
771 1147 961 1209 aduerbium
984 1147 1227 1232 νουβυστικῶς,
1252 1159 1287 1210 ut

340 1251 427 1316 Eccl.
453 1271 533 1332 441:
558 1256 706 1333 γυναῖκα
728 1252 848 1316 δἐἶναι
870 1254 994 1335 πρᾶγμ’
1021 1251 1086 1336 ἔφη
1109 1253 1345 1341 νοοβοστικόν.

340 1360 443 1442 Vesp.
474 1378 573 1440 1294:
598 1361 646 1439 ὡς
669 1359 708 1424 εὖ
732 1361 979 1444 κατηρέψασθε
1001 1359 1060 1424 καὶ
1081 1356 1323 1450 νουβυστικῶς.

449 1465 605 1532 Scholion
629 1471 670 1532 ad
687 1469 789 1550 Vesp.
817 1486 900 1548 1294
917 1479 1002 1532 recte
1018 1469 1174 1551 explicat:
1196 1471 1275 1532 »vob
1291 1471 1408 1552 neuin·

338 1575 507 1659 ριομένιος,
535 1578 703 1654 συνετῶς»
735 1587 767 1639 et
794 1577 1021 1639 animaduertit
1041 1578 1222 1640 deriuatum
1250 1599 1322 1640 esse
1337 1599 1405 1640 uer·

338 1684 415 1746 bum
440 1705 458 1746 e
481 1686 612 1746 nomine
644 1685 762 1761 ιιιοῦς»
788 1695 823 1746 et
846 1684 946 1747 uerbo
974 1683 1105 1772 ιβύσαι,
1130 1683 1169 1748 τὸ
1193 1687 1400 1766 πληρῶσαι.»

339 1789 408 1852 Iam
440 1794 546 1873 primo
570 1792 685 1854 obtutu
711 1802 848 1874 apparet
872 1799 1004 1873 poetam
1028 1793 1189 1856 comicum
1213 1793 1284 1855 lusu
1309 1793 1408 1856 uerba

338 1899 480 1974 tinxisse,
518 1920 624 1980 neque
655 1899 736 1961 locis
760 1898 1011 1981 Aristophaneis
1035 1901 1267 1982 comprobatur
1290 1901 1407 1964 eadem

340 2008 437 2068 etiam
474 2007 516 2068 ab
552 2009 599 2083 iis,
637 2009 691 2088 qui
725 2008 810 2069 serio
845 2008 1053 2088 scripserunt,
1080 2007 1227 2070 adhiberi
1251 2009 1405 2088 potuisse.

338 2113 484 2178 Verbum
520 2116 616 2196 igitur
651 2115 693 2176 ab
730 2113 876 2176 Homero
902 2116 1084 2196 ceterisque
1108 2116 1150 2177 de
1173 2115 1280 2190 rebuS,
1305 2116 1407 2178 ut-ita

338 2223 454 2296 dicam,
481 2231 574 2284 extra
598 2222 762 2284 hominem
788 2224 903 2304 positis
920 2223 1102 2285 adhibitum
1119 2229 1218 2303 poeta
1235 2222 1406 2303 fragmenti

338 2328 501 2409 dactylici,
538 2350 635 2410 quum
672 2349 737 2394 non
772 2341 858 2392 recte
887 2329 1108 2404 intellexisset,
1134 2331 1176 2392 ad
1200 2329 1298 2392 animi
1324 2331 1406 2391 uires

337 2435 508 2511 transtulit,
545 2457 610 2518 quo
637 2436 839 2512 factumest,
865 2448 900 2498 ut
924 2438 1057 2512 comice,
1083 2457 1148 2499 non
1173 2438 1256 2498 serio
1282 2438 1404 2499 dictum

337 2564 408 2606 esse
433 2545 533 2606 uideri
558 2555 679 2624 posset.

448 2649 581 2728 »δοιόςι
609 2652 803 2714 adiectiuum
836 2673 969 2714 numero
994 2651 1107 2732 plurali
1135 2649 1261 2714 »δοιοίι
1280 2651 1322 2714 ab
1340 2647 1418 2713 Ho?

336 2779 435 2833 mero,
474 2759 630 2834 Hesiodo,
650 2757 794 2823 ‘Pindaro
819 2759 1001 2834 exhibetur,
1027 2759 1112 2822 duali
1137 2770 1244 2822 autem
1270 2757 1405 2822 numero

340 2863 459 2928 »δοιώι
487 2887 553 2928 non
575 2867 713 2928 occurrit
730 2868 790 2928 nisi
806 2868 893 2948 apud
912 2867 1092 2929 Homerum
1110 2846 1140 2929 in
1159 2864 1268 2929 iliadis
1284 2866 1403 2942 XXIV,

336 2974 417 3036 608:
466 2975 512 3055 φῆ
546 2971 629 3036 δοιὼ
661 2973 797 3049 τεκέειν,
833 2973 853 3052 ἡ
886 2972 1004 3054 boort]
1029 2973 1165 3054 γείνατο
1189 2972 1346 3052 πολλούς’
1372 2985 1405 3036 et

336 3082 368 3142 iu
403 3081 586 3162 fragmento
616 3080 743 3143 fabulae
767 3081 950 3162 dactylicae
978 3061 1030 3144 ιοῑ
1054 3081 1156 3144 θέντο
1183 3080 1405 3162 μετ’ἀλλήλοι·
1455 3167 1457 3170 Ι

337 3203 389 3250 σιν
422 3187 590 3268 §turpetur
614 3186 675 3270 μύε
694 3187 786 3251 δοιώ.
834 3189 870 3251 Ιιι
897 3189 1042 3252 eiusdem
1068 3189 1240 3270 fragmenti
1263 3209 1358 3252 uersu
1385 3205 1402 3267 3

241 3355 243 3360 .
335 3293 499 3377 leguntur:
541 3293 581 3373 ὃς
614 3293 654 3356 δὲ
688 3293 842 3378 δόμοισιν
866 3297 903 3358 ἐν
927 3297 1076 3378 ἀφνειῶν
1099 3295 1230 3378 τρέφετ’
1257 3293 1402 3374 ἀνδρῶν.

446 3401 624 3484 »novato
646 3404 851 3480 adiectiuum,
869 3405 956 3485 quod
966 3405 1198 3480 est=»diues,
1208 3403 1399 3485 opulentus»

336 3513 423 3592 apud
460 3509 639 3573 Homerum
677 3513 881 3592 potissimum
917 3513 1063 3599 occurrit,
1097 3522 1173 3593 post
1197 3530 1270 3574 eum
1294 3522 1403 3573 autem

335 3619 367 3680 in
401 3619 529 3700 scriptis
553 3620 619 3680 suis
643 3630 833 3700 receperunt
857 3619 1031 3692 Hesiodus,
1058 3616 1262 3698 PhocylideS,
1290 3617 1404 3680 Pincia

335 3747 397 3800 rus,
422 3726 625 3802 Theocritus
651 3726 848 3808 Apollonius
872 3727 1029 3789 Rhodius
1150 3718 1152 3723 ’

337 3833 434 3896 Hom,
460 3832 539 3896 Od:
565 3831 652 3896 οἷσιν
675 3832 744 3896 τέΰ
768 3832 894 3908 ζώουσι
916 3833 973 3896 καὶ
998 3833 1131 3914 ἀφνειοὶ
1155 3832 1345 3896 καλέονται.

335 3939 579 4022 Ι-Ιεείοά..ορ.;
605 3991 912 4005 ..........
937 3939 1122 4023 πολύμηλοι
1145 3939 1310 4022 τ’ἀφνειοί
1332 3960 1377 4002 τε.

337 4047 473 4110 Hesiod.
499 4049 642 4130 Theog:
668 4047 727 4111 τὸν
752 4047 929 4130 δ’ἀφνειὸν
953 4047 1067 4128 ἔθηκε,
1093 4046 1200 4111 πολύν
1214 4069 1252 4110 τε
1268 4031 1300 4110 οἱ
1316 4044 1404 4110 ὤπα-

1201 4170 1262 4217 σεν
1286 4153 1400 4241 ὄλβον.
