3244 4868
793 399 899 458 ...32
926 417 966 425 -..

556 655 559 660 .
665 595 795 676 Ingrata
819 616 863 670 ea,
882 597 994 676 inquit,
1012 615 1067 657 ore
1084 613 1167 675 quae
1183 606 1294 656 nostro
1311 605 1409 674 caput

346 937 439 1000 Babr,
465 955 517 1016 94,
548 955 577 997 1:

345 1726 478 1787 Phaedr.
505 1725 527 1799 1,
548 1741 595 1800 12,
610 1742 643 1802 4:

344 2154 439 2215 llabr.
465 2171 517 2232 43,
545 2170 577 2231 3:

344 2513 478 2573 Phaedr.
497 2512 520 2586 I,
544 2528 591 2589 13,
605 2513 639 2572 6:

583 2658 586 2663 -
664 2618 830 2699 Quantum
855 2617 982 2680 decoris
1002 2638 1139 2698 corpore
1155 2627 1187 2679 et
1203 2617 1291 2679 uultu
1309 2615 1407 2699 geris!

664 2725 698 2788 Si
723 2746 838 2787 uocem
863 2725 1008 2798 habereS,
1030 2723 1114 2787 nulla
1131 2727 1218 2805 prior
1234 2724 1301 2787 ales
1317 2726 1408 2787 soret.

663 2831 912 2906 milesennis,
927 2832 1004 2893 dum
1019 2831 1085 2894 uult
1098 2853 1211 2894 uocem
1227 2833 1408 2906 ostendere,

665 2939 780 3000 Emisit
803 2960 859 3000 ore
883 2957 1012 3000 caseum
1038 2960 1134 3019 quem
1160 2937 1304 3002 celeriter

665 3045 790 3127 Vulpes
815 3047 921 3126 rapuit
933 3095 1340 3109 .............
1366 3073 1410 3100 =

667 3153 787 3231 κόραξ,
812 3151 915 3214 καλαί
938 3167 992 3215 σοι
1012 3151 1187 3232 πτέρυγες,
1206 3154 1287 3232 ὀξέη
1303 3139 1408 3233 γλήνη

343 3816 518 3891 Phaedri,
539 3833 588 3890 22,
613 3833 636 3878 r:

665 702 829 765 Incolume
863 701 1032 765 abstuleris
1065 713 1098 763 et
1125 703 1307 764 mercedem
1338 722 1409 782 pos·

973 882 976 887 ,
1250 809 1341 872 mles.
1365 841 1410 868 =

662 935 767 1018 Λύκῳ
775 937 976 998 ποτ’ὀστυῦν
984 934 1407 1017 φάρυγοςέντὸςήρείσθη·

664 1042 795 1126 ἐρωδιῷ
819 1041 859 1105 δὲ
883 1042 1004 1126 μισθὸν
1028 1044 1125 1118 ἄξιον
1147 1041 1271 1105 δώσειν
1334 1114 1336 1120 ,

666 1149 774 1227 ἔταξε,
799 1149 859 1214 τὸν
882 1151 1051 1231 τράχηλον
1075 1153 1104 1212 εἰ
1127 1149 1320 1232 καθιμήσας

664 1257 862 1321 ὰνελκύσειε
884 1257 941 1320 καὶ
964 1256 1077 1320 πόνων
1100 1259 1186 1335 ἄκος
1210 1256 1295 1337 δοίη.

663 1473 718 1536 σοὶ
742 1472 864 1556 μισθὸς
887 1475 995 1552 ἀρκεῖ,
1021 1472 1112 1554 φησί,
1136 1475 1198 1552 τῆς
1221 1472 1369 1552 Ιατρείης

664 1579 818 1663 κεφαλὴν
841 1579 978 1643 λυκείου
997 1581 1155 1661 φάρυγος
1166 1579 1294 1654 ἐξελεῖν
1306 1578 1407 1661 σῴην·

671 1725 712 1786 Et
735 1726 767 1786 in
792 1724 915 1806 liquore
940 1725 1019 1786 uidit
1043 1724 1186 1805 effigiem
1211 1742 1317 1798 suam;

665 1832 713 1894 Ibi
744 1833 821 1894 dum
857 1852 986 1894 ramosa
1010 1833 1129 1894 mirans
1154 1831 1264 1892 laudat
1288 1852 1409 1895 cornua

665 1937 866 2019 Crurumque
913 1940 1044 2004 nimiam
1092 1941 1281 2001 tenuitatem
1329 1939 1409 2000 uitu-

1166 2057 1257 2125 perat
1281 2055 1341 2108 etc.
1366 2073 1411 2098 =

664 2153 733 2215 ἐκεῖ
758 2151 917 2215 δ’ἑαυτοῦ
942 2151 1002 2231 τὴν
1026 2151 1125 2215 σκιὰν
1149 2149 1332 2232 θεωρήσας

664 2262 768 2341 χηλῆς
792 2258 851 2342 μὲν
875 2260 977 2322 ἕνεκα
1000 2260 1056 2322 καὶ
1080 2258 1195 2322 ποδῶν
1219 2258 1378 2340 ἐλυπήθη,

664 2365 714 2430 ἐπὶ
726 2371 797 2444 τοῖς
809 2365 849 2428 δὲ
861 2366 1003 2448 κέρασιν
1016 2367 1063 2444 ὡς
1074 2369 1193 2444 καλοῖς
1207 2369 1298 2446 ἄγαν
1306 2365 1408 2448 ηὔχει.

666 2509 765 2592 Oqui
779 2521 914 2585 tuarum,
930 2510 1044 2584 Corue,
1059 2531 1236 2591 pennarum
1251 2521 1300 2572 est
1311 2509 1408 2573 nitorl

664 3369 683 3428 ὁ
708 3373 800 3445 τοῖος
824 3365 920 3446 ὄρνις
939 3367 1058 3449 κωφός
1074 3369 1149 3431 ἐσσι
1165 3369 1240 3430 κὀυ
1256 3366 1406 3448 κρώζεις.

662 3475 772 3555 κόραξ
796 3473 955 3557 δ’ἐπαίνῳ
978 3473 1124 3554 καρδίην
1149 3473 1326 3554 ἐχαυνώθη

664 3581 832 3664 στόματος
856 3580 896 3643 δὲ
919 3580 1023 3661 τυρὸν
1048 3581 1203 3668 ἐκβαλὼν
1220 3582 1407 3661 ἐκεκράγει.

663 3689 722 3752 τὸν
746 3689 800 3768 δή
826 3688 917 3770 σοφὴ
941 3691 1102 3774 λαβοῦσα
1134 3739 1407 3752 .........

664 3815 802 3878 Mustela
833 3816 874 3877 ab
893 3815 1024 3876 homine
1041 3835 1158 3894 prensa
1176 3835 1273 3895 quum
1292 3817 1409 3877 instan-

770 3932 834 3985 tem
861 3942 974 3984 necem

664 4031 816 4111 Effugere
830 4029 939 4092 uellet:
954 4049 1086 4110 quaem,
1102 4031 1211 4110 inquit,
1225 4051 1321 4110 parce
1332 4031 1409 4091 mihi

663 4139 756 4219 Quae
810 4139 866 4199 tibi
921 4136 1065 4198 molestis
1112 4138 1257 4199 muribus
1305 4158 1407 4218 purgo

1206 4246 1338 4306 (lunium
1364 4273 1408 4305 τμ-
