3244 4868
706 428 882 472 „11ss

258 625 315 698 IV,
354 641 394 700 24
430 635 461 686 et
497 624 652 688 Horatius
686 626 778 711 epist.
816 625 857 686 ad
894 624 1026 688 Pisones
1061 640 1121 703 139
1146 623 1186 686 de
1211 635 1322 687 monte

258 732 463 813 parturiente.

365 837 471 920 Supra
506 839 728 904 demonstrare
752 851 889 933 conatus
912 860 983 902 sum
1008 841 1095 921 prius
1119 840 1321 920 prooemium

256 948 331 1008 cum
358 929 482 1020 sabulis,
509 947 625 1027 quibus
648 949 691 1010 ab
707 957 840 1012 auctore
864 947 1043 1028 praefixum
1069 957 1127 1022 est,
1153 947 1323 1010 nonsatis

257 1063 334 1134 apte
357 1053 539 1117 cohaerere.
588 1055 703 1118 Mirum
728 1057 824 1136 igitur
847 1056 948 1119 uideri
972 1076 1036 1118 non
1061 1064 1170 1135 potest
1192 1055 1323 1135 suspici·

257 1181 338 1224 ones
373 1141 553 1226 criticorum
590 1164 748 1226 excitatas
783 1184 864 1238 esse,
895 1173 928 1224 ut
962 1162 1109 1225 Hochius
1138 1161 1190 1245 (de
1214 1161 1322 1224 Babrii

257 1267 374 1330 sabulis
408 1272 567 1350 corruptis
602 1282 699 1351 atque
734 1270 945 1353 interpolatis,
983 1290 1058 1352 pag.
1100 1272 1150 1350 10)
1177 1269 1266 1331 omni
1291 1271 1322 1332 ui

257 1375 396 1440 affirmat
434 1386 539 1440 totum
577 1379 780 1459 prooemium
805 1375 833 1440 *1
872 1377 1079 1441 subditiciurn
1118 1397 1199 1452 esse,
1232 1377 1320 1458 quod

257 1493 366 1546 tarnen
402 1504 474 1546 eum
511 1505 575 1547 non
613 1485 779 1566 prohibuit
813 1486 1008 1548 coniecturis
1032 1484 1131 1560 locos
1157 1486 1211 1566 qui
1236 1481 1348 1546 nulla

257 1601 354 1670 egent
390 1591 525 1666 medela,
561 1603 693 1656 tentare.
743 1591 949 1674 Quamquam
985 1593 1165 1670 concedere
1188 1609 1322 1654 necesse

257 1699 315 1760 erit
350 1698 521 1762 nonnullos
557 1701 714 1781 prooemii
752 1721 864 1762 uersus
898 1700 1059 1764 erroribus
1086 1699 1322 1762 monachorum

257 1805 434 1868 aliorunrue
468 1809 665 1888 deprauatos
699 1828 780 1882 esse,
806 1819 916 1870 tamen
939 1828 1066 1870 summa
1090 1827 1210 1882 eorum,
1236 1827 1321 1887 quae

256 1899 319 1976 hoc
348 1913 487 1995 prologo
511 1914 724 1996 proferuntur,
750 1916 819 1978 sine
843 1915 943 1977 dubio
967 1915 1009 1976 ab
1033 1916 1105 1996 ipso
1130 1921 1228 1995 poeta
1249 1935 1322 1976 con-

256 2023 376 2104 scripta
411 2033 470 2086 est.
519 2021 678 2104 Quamuis
709 2023 801 2111 enirn·
819 2020 903 2084 male
927 2022 969 2084 ab
993 2033 1125 2084 auctore
1149 2042 1221 2084 cum
1247 2023 1319 2102 ipso

256 2126 363 2190 libello
399 2131 539 2192 connexi
574 2131 646 2204 sint,
672 2140 782 2192 tamen
806 2149 858 2192 ars
882 2151 966 2204 uera,
992 2150 1077 2211 quae
1100 2129 1150 2192 his
1175 2129 1321 2192 uersibus

256 2237 347 2311 inest,
385 2249 472 2300 uetat
508 2257 564 2300 eos
600 2236 798 2300 librariorum
824 2258 919 2300 curae
943 2238 1068 2300 ascribi.
1117 2237 1320 2299 Prooemium

256 2345 268 2406 l
304 2344 346 2405 ad
381 2346 487 2426 ipsum
524 2345 676 2426 Babrium
707 2345 908 2408 referendum
934 2365 1005 2406 esse
1029 2346 1126 2407 etiam
1151 2345 1227 2406 inde
1250 2365 1321 2426 pro·

191 2533 192 2536 Ἴ
256 2449 456 2514 habilitatem
492 2453 589 2527 ducit,
627 2455 715 2534 quod
739 2473 758 2514 a
782 2454 896 2515 ceteris
921 2472 1051 2533 quoque
1075 2449 1319 2526 fabulatoribus,

256 2579 390 2639 quorum
426 2581 527 2641 opera
562 2563 603 2622 ad
639 2581 698 2623 nos
734 2570 957 2641 peruenerunt,
993 2559 1108 2622 similia
1141 2557 1336 2621 fabularum*

255 2665 343 2728 libris
378 2667 523 2748 praefixa
557 2678 642 2730 sunt.
691 2668 737 2730 Vt
767 2668 940 2741 Phaedrus,
966 2668 1020 2748 qui
1042 2677 1077 2732 fet
1100 2668 1170 2747 ipse
1194 2665 1323 2748 Aesopi

255 2772 380 2836 fabulas
423 2774 568 2837 uersibus
609 2774 745 2850 inclusit,
788 2777 819 2838 in
857 2773 994 2856 prologo
1041 2775 1054 2836 l
1100 2772 1202 2836 multa
1247 2793 1320 2836 cum

256 2881 373 2944 llabrio
397 2883 584 2972 communia
608 2882 707 2945 habet
730 2883 782 2962 (cs.
809 2883 943 2946 Phaedr.
969 2881 1266 2958 l,1-2.-..-.Babr.
1293 2881 1316 2956 Ι,

260 3007 396 3069 14-ι9;
434 2989 568 3052 Phaedr.
606 2990 629 3064 I,
661 2991 749 3052 6:
773 2990 867 3053 Babr.
895 2991 918 3065 I,
943 2992 1076 3070 9—11)‚
1114 2988 1263 3052 Auianus
1287 2989 1318 3050 in

254 3096 392 3178 epistola
427 3099 469 3160 ad
505 3097 728 3160 Theodosium
759 3097 876 3160 sabulis
900 3099 1087 3179 praemissa,
1113 3117 1210 3180 quam
1235 3098 1317 3159 sicut

254 3205 342 3284 ipsas
378 3203 502 3268 fabulas
537 3226 555 3267 e
586 3205 706 3268 Titiani
729 3206 919 3287 paraphrasi
944 3205 1123 3268 fabularum
1147 3205 1320 3268 Babriana·

254 3332 322 3374 rum
358 3312 547 3374 translatam
583 3333 655 3374 esse
685 3315 867 3394 suspicatur
891 3313 1022 3376 Crusius
1046 3316 1109 3392 (ed.
1134 3313 1321 3375 testimonia

254 3439 329 3500 pag.
356 3419 396 3500 8),
422 3421 464 3481 ad
489 3420 588 3482 uerba
612 3419 720 3482 Babrii
745 3421 894 3501 proxime
918 3421 1078 3483 accedens
1095 3420 1207 3482 habet:
1237 3419 1319 3482 »Lo-

253 3528 308 3607 qui
343 3547 421 3589 uero
456 3527 598 3602 arboreS,
631 3527 714 3590 feras
739 3548 811 3590 cum
836 3528 1023 3591 homiuibus
1046 3547 1186 3609 gemere,
1212 3527 1320 3590 uerbis

253 3644 376 3696 certare
411 3634 568 3709 uolucres
606 3634 757 3698 animalia
793 3637 895 3698 ridere
931 3635 1099 3712 fecimus;›>
1133 3635 1219 3698 unde
1242 3635 1321 3697 satis

253 3752 390 3821 apparet
414 3743 577 3804 Titianum
602 3763 762 3806 summam
787 3759 910 3818 eorum,
927 3763 1012 3824 quae
1028 3744 1198 3824 prooemio
1216 3743 1229 3804 Ι
1246 3762 1319 3805 con·

256 3849 404 3924 tinentur,
446 3853 478 3912 in
514 3849 691 3931 exemplari
728 3872 787 3913 suo
823 3851 982 3914 Babriano
1017 3849 1144 3932 legisse.
1199 3851 1320 3913 Auiani

254 3957 384 4036 quidem
421 3957 568 4038 epistola,
606 3969 640 4020 ut
676 3979 759 4041 quae
795 3958 956 4020 aBabrio
981 3959 1132 4040 pendeat,
1158 3957 1191 4020 id
1214 3955 1319 4020 solum

254 4065 447 4146 comprobat
480 4068 681 4147 prooemium
706 4066 719 4127 l
737 4067 913 4146 genuinum
927 4087 1008 4142 esse,
1023 4066 1187 4128 Phaedrus
1200 4074 1318 4140 autem,

255 4193 353 4256 quum
379 4173 551 4266 prologum
577 4165 728 4247 Babriani
751 4172 887 4246 similem
914 4175 943 4236 ei
967 4175 1170 4264 potissimum
1197 4172 1315 4259 sabula·
