3244 4868
740 413 915 460 ψη--

292 631 360 672 rnnr
396 611 477 672 libro
514 613 746 691 praeposuerit,
774 633 871 691 quern
896 631 937 672 ex
964 611 1051 672 sonte
1077 609 1233 691 Aesopeo
1258 622 1356 672 trans-

291 718 390 781 latum
425 738 497 780 esse
533 719 602 798 ipse
630 718 808 798 profitetur,
834 739 874 779 eo
898 719 969 800 ipso
994 719 1115 780 indicat
1139 729 1171 780 et
1194 739 1288 780 suum
1313 719 1356 798 ip·

292 827 357 887 sius
391 835 424 888 et
461 825 567 887 Babrii
604 824 776 906 prologum
813 827 854 887 ad
884 824 1069 906 exemplum
1107 823 1254 906 Aesopei
1279 827 1356 888 anti-

291 934 412 1014 quioris
448 935 557 994 nescio
592 933 682 994 cuius
717 934 935 1014 conscriptum
968 953 1039 994 esse
1063 953 1177 1014 posse·
1218 933 1358 996 Accedit

292 1040 380 1122 quod
417 1042 515 1102 etiam
540 1040 665 1114 fabulis,
691 1061 775 1122 quae
805 1061 862 1120 per
886 1040 1007 1103 litteras
1034 1061 1168 1121 graecas
1192 1042 1357 1121 dispersae

291 1149 504 1222 inueniuntur,
551 1168 795 1229 nonnumquam
835 1149 1014 1210 sententiae
1053 1147 1172 1209 similes
1211 1148 1358 1210 adiectae

291 1266 373 1329 sunt,
411 1266 445 1316 nt
480 1256 666 1336 Xenophon
703 1256 882 1318 Memorab.
919 1256 958 1329 ΙΙ,
985 1270 1014 1334 7,
1046 1273 1081 1334 13
1108 1254 1246 1330 fabulae,
1271 1277 1356 1337 quae

291 1362 387 1424 etiam
424 1363 510 1443 apud
548 1362 699 1424 Babrium
735 1364 873 1425 occurrit
908 1362 982 1446 (lab.
1026 1365 1108 1442 130),
1145 1366 1245 1424 uerba
1275 1364 1355 1425 haec

293 1472 494 1551 praeposuit:
524 1469 626 1551 »φασὶ
649 1471 727 1549 γάρ,
746 1471 804 1532 ὅτε
820 1469 998 1551 φωνήεντα
1014 1469 1055 1548 ἠν
1071 1470 1114 1531 τὰ
1128 1472 1200 1553 ζῷα
1215 1491 1244 1532 κ.
1263 1471 1353 1546 r.l.,›>

292 1588 323 1640 et
359 1577 477 1653 sabula,
513 1599 598 1659 quae
627 1589 675 1640 est
700 1578 742 1639 de
765 1577 848 1659 lupis
872 1599 969 1640 canes
993 1579 1035 1640 ab
1060 1579 1175 1640 ouibus
1199 1581 1347 1659 poscenti

291 1686 361 1760 bus,
398 1687 428 1746 in
464 1685 546 1747 libro
570 1686 612 1747 ab
637 1685 827 1747 Eberhardo
851 1686 940 1747 edito
965 1686 1044 1748 Fab.
1070 1685 1164 1746 Rom.
1191 1705 1266 1766 pag.
1294 1688 1355 1746 282

292 1795 407 1855 eodern
432 1792 498 1854 fere
515 1793 615 1854 modo
632 1793 755 1854 initium
774 1794 875 1873 capit:
898 1791 1037 1854 »καθ’ὃν
1053 1791 1177 1871 χρόνον
1194 1791 1359 1873 ὁμόφωνα

292 1897 333 1977 ἡν
365 1899 407 1961 τὰ
429 1901 501 1974 ζῶα
523 1920 553 1961 κ.
579 1920 605 1961 τ.
630 1901 690 1981 λ.,»
719 1910 751 1961 et
776 1899 883 1961 Halm.
912 1914 973 1978 377
1003 1909 1133 1980 »pastor
1157 1910 1189 1962 et
1213 1898 1356 1962 lanium:

296 2005 356 2085 »ἡν
379 2005 484 2086 δ’ἄρα
506 2005 583 2068 τότε
607 2005 772 2088 ὁμόφωνα
794 2005 851 2068 καὶ
867 2006 909 2069 τὰ
925 2005 1029 2086 θηρία
1044 2011 1115 2083 τοῖς
1131 2004 1360 2086 ἀνθρώποις»,·

292 2135 376 2197 quae
411 2116 521 2176 omnia
555 2114 632 2176 mihi
663 2115 878 2195 comprobare
904 2115 1053 2198 uidentur
1077 2115 1140 2177 iarn
1164 2113 1357 2176 collectioni·

292 2223 352 2284 bus
388 2222 551 2302 Aesopeis
585 2222 726 2304 antiquis
762 2223 940 2284 sententias
975 2221 1096 2284 similes
1119 2221 1356 2302 praelationum

204 2317 205 2322 ἵ
293 2329 365 2390 loco
389 2331 594 2410 praepositas
617 2350 698 2392 esse.
740 2328 846 2411 Quam
872 2329 916 2391 ob
941 2350 1006 2390 rem
1032 2330 1073 2390 ad
1098 2328 1357 2392 concludendum

293 2436 424 2499 inclinat
447 2437 574 2499 animus
597 2437 749 2498 Babriunr
774 2439 805 2498 in
823 2438 895 2517 ipsa
911 2436 1111 2517 praelatione
1128 2437 1358 2516 componenda

292 2565 334 2606 ex
371 2543 459 2606 sonte
494 2546 610 2606 eodem
640 2565 681 2605 ex
706 2565 771 2625 quo
795 2545 893 2605 etiam
918 2543 1043 2606 fabulas
1066 2543 1136 2606 libri
1160 2544 1173 2605 Ι
1197 2563 1358 2605 summam

293 2653 474 2732 argumenti
511 2653 673 2733 petiuisse.
722 2651 787 2714 Sed
824 2653 894 2731 ipsa
917 2653 1077 2713 sententia
1101 2652 1279 2731 argumenti
1305 2671 1358 2712 ex-

293 2770 389 2840 cepta
417 2757 518 2822 multa
541 2779 600 2820 sua
627 2761 726 2839 ipsius
750 2759 886 2820 Babrius
910 2759 1045 2833 addidit,
1071 2761 1152 2821 sicut
1175 2760 1272 2820 etiarn
1297 2759 1359 2838 ipsi

292 2867 498 2928 tribuendum
534 2879 583 2928 est
618 2867 706 2946 quod
743 2868 774 2928 in
800 2868 968 2947 prooemio
992 2887 1064 2928 curn
1090 2865 1205 2928 fabulis
1229 2866 1358 2927 coniun-

292 2976 411 3056 gend0‚
437 2975 558 3036 utiam
583 2975 704 3048 monui,
729 2995 844 3054 parum
869 2972 944 3035 felix
969 2975 1101 3036 exstitit.
1150 2972 1358 3053 Corruptelas

249 3077 250 3082 ’
293 3082 441 3144 codicum
485 3083 509 3142 si
551 3083 868 3161 praetermiserimus
909 3091 1012 3143 totum
1053 3082 1254 3162 prooemium
1290 3090 1359 3143 arte

293 3190 571 3270 praestantissima
594 3190 812 3270 compositum
838 3210 857 3250 a
881 3189 1004 3250 ratione
1030 3189 1179 3250 narrandi
1204 3189 1358 3270 Aesopea

293 3295 429 3376 simplici
448 3306 480 3357 et
504 3299 600 3370 nuda,
626 3317 724 3378 quarn
750 3298 781 3358 in
807 3297 921 3376 prioris
936 3296 1007 3358 libri
1024 3295 1141 3358 sabulis
1156 3296 1277 3376 ubique
1294 3295 1359 3358 fere

293 3403 537 3484 deprehendere
568 3404 662 3465 nobis
686 3403 769 3477 licet,
795 3405 927 3466 omnino
952 3403 1113 3477 abhorret,
1138 3402 1224 3464 unde
1249 3405 1360 3466 nescio
1411 3475 1413 3478 ¹

294 3530 333 3572 an
370 3509 629 3572 concludendum
666 3512 707 3572 sit
743 3519 885 3590 po'etam,
922 3531 1021 3590 quum
1051 3512 1114 3572 iarn
1140 3509 1253 3571 librum
1279 3511 1292 3571 1
1317 3510 1359 3572 ab

293 3619 383 3678 omni
418 3628 509 3698 parte
538 3617 726 3699 perfecisset
749 3629 846 3699 atque
871 3617 984 3680 studiis
1009 3617 1171 3680 rhetorum
1197 3627 1300 3679 totum
1325 3638 1360 3679 se

294 3725 394 3797 daret,
432 3727 635 3806 prooemium
672 3727 713 3787 ad
749 3725 932 3787 Branchum
968 3727 1124 3805 scriptum
1160 3725 1357 3788 adiunxisse.

294 3831 406 3912 Atque
441 3854 474 3895 re
509 3853 585 3894 uera
608 3835 705 3895 etiam
730 3834 867 3913 uestigia
892 3833 1054 3894 rhetorum
1079 3832 1241 3894 scribendi
1267 3834 1360 3894 ratio·

294 3941 343 4001 nis
382 3942 412 4002 in
453 3961 493 4002 eo
532 3942 744 4002 inueniuntur.
804 3939 1091 4020 Quemadmodum
1127 3950 1361 4020 praeceperant

294 4047 461 4128 sophistae
494 4059 528 4109 ut
563 4046 715 4128 exempla
750 4068 792 4109 ex
818 4067 921 4110 rerum
946 4046 1141 4123 auctoribus,
1167 4046 1358 4121 oratoribus,

295 4151 507 4244 philosophis,
532 4156 637 4246 poetis
653 4165 784 4246 sumpta
801 4153 967 4248 discipulis
984 4153 1149 4229 discenda,
1168 4153 1357 4240 enarranda,
