3244 4868
671 389 848 456 -49„.

226 593 267 654 de
288 593 406 674 quibus
426 611 485 673 pro
498 602 587 654 certo
600 591 760 654 affirmare
772 591 847 654 licet
859 611 915 654 eas
927 589 1074 653 Phaedro
1087 611 1161 653 cum
1175 585 1293 653 Babrio

226 719 416 763 communes
440 699 537 762 fuisse
564 710 596 762 et
624 700 666 763 ab
692 710 828 781 utroque
843 708 976 762 auctore
991 719 1034 760 ex
1049 696 1177 779 sylloge
1189 698 1292 761 Aeso·

226 828 288 889 pea
308 807 448 889 quadam
469 808 603 889 antiqua
621 807 794 870 translatas
811 827 892 870 esse.
920 805 955 870 Si
966 807 1050 869 enim
1061 805 1293 888 paraphrastes

225 916 454 990 Phaedrianos‚
501 935 584 996 quos
628 914 759 997 collegit
802 915 983 978 Hervieux.
1010 914 1089 994 (Les
1128 911 1293 975 fabulistes
1342 901 1345 906 ’

225 1021 341 1106 latins),
378 1024 569 1105 perscrutati
603 1023 730 1096 erimus,
766 1023 826 1086 has
861 1042 993 1104 quoque
1025 1022 1226 1084 inueniemus
1250 1019 1293 1082 fa-

225 1129 319 1193 bulas
343 1129 521 1194 Babrianas
544 1132 643 1194 etiam
667 1151 686 1194 a
711 1130 857 1194 Phaedro
882 1129 997 1192 allatas
1020 1149 1107 1192 esse:
1137 1126 1290 1207 Babr.'25
1351 1136 1354 1140 ’

224 1263 269 1296 =
293 1238 388 1302 Rom.
414 1238 453 1313 ΙΙ,
478 1255 513 1317 9;
538 1239 634 1302 Babr.
661 1241 702 1318 38
726 1264 770 1297 =
794 1239 889 1302 Rom.
915 1238 970 1312 Ill,
1000 1253 1052 1316 14;
1077 1236 1172 1298 Babr.
1192 1237 1232 1315 78
1249 1261 1294 1294 ::

226 1345 321 1408 Rom.
358 1345 382 1420 1,
423 1348 476 1423 18;
513 1346 608 1408 Babr.
646 1348 686 1408 82
722 1371 767 1404 ε
801 1347 897 1410 Rom.
929 1346 953 1420 1,
983 1360 1037 1424 17;
1063 1344 1158 1406 Babr.
1184 1353 1226 1420 ²⁵4
1249 1367 1294 1401 =

226 1452 321 1514 Rom.
346 1453 404 1528 lV,
434 1455 487 1528 18;
513 1453 607 1515 Babr.
632 1470 674 1533 93
700 1479 743 1511 =
767 1454 862 1516 Rom.
889 1454 943 1529 ΙΙΙ,
974 1470 1026 1532 13;
1051 1452 1146 1514 Babr.
1174 1468 1294 1530 103:

226 1559 320 1623 Rom.
347 1560 403 1635 IV,
434 1577 486 1637 12;
511 1560 606 1624 Babr.
637 1575 697 1641 107
721 1586 766 1620 =
790 1561 885 1624 Rom.
910 1562 934 1636 Ι,
964 1575 1016 1641 17;
1043 1559 1139 1622 Babr.
1170 1560 1229 1622 108
1249 1556 1295 1615 4-

226 1667 321 1729 Rom.
347 1667 370 1743 I,
401 1683 453 1743 123
479 1668 574 1730 Babr.
605 1685 660 1730 121
688 1693 733 1726 ::
756 1669 852 1732 Rom.
877 1668 935 1744 IV,
966 1682 1021 1748 153
1047 1667 1142 1730 Babr.
1173 1683 1294 1746 131:

226 1773 370 1850 Rom:1‚
400 1775 452 1852 16;
479 1775 572 1838 Babr.
603 1789 662 1855 137
686 1800 731 1832 ·.::
755 1775 850 1838 Rom.
876 1775 932 1850 IV,
962 1792 1010 1854 19.

250 1921 252 1926 ·
332 1879 539 1964 Quamquam
568 1886 601 1945 in
624 1882 760 1946 Phaedri
784 1882 901 1946 fabulis
925 1882 1157 1946 transferendis
1181 1881 1291 1956 multa,

225 2009 310 2070 quae
345 1990 377 2052 in
411 1991 484 2071 ipso
517 2010 636 2072 genere
672 1991 823 2080 narrandi
858 1991 966 2072 posita
997 2001 1097 2065 erant,
1123 1989 1293 2053 mutabant

226 2096 469 2178 paraphrastae,
505 2107 613 2161 tamen
651 2120 750 2180 quum
777 2119 890 2162 uersus
913 2097 1086 2173 soluerent,
1112 2108 1145 2160 et
1167 2107 1294 2160 senten·

224 2205 303 2265 tiam
327 2203 517 2286 plerumque
541 2203 721 2268 fabularum
745 2217 777 2268 et
801 2225 959 2286 personas
982 2227 1001 2268 a
1025 2205 1173 2267 Phaedro
1197 2205 1292 2265 intro·

224 2310 340 2374 ductas
378 2321 410 2374 et
448 2303 608 2374 ordinem*
631 2333 735 2375 rerum
772 2311 996 2394 factorumque
1031 2312 1222 2386 retinebant,
1258 2320 1309 2373 ut¹

225 2420 322 2481 etiam
347 2440 431 2482 nunc
455 2440 496 2481 ex
520 2421 567 2494 iis,
593 2440 677 2501 quae
701 2420 751 2482 his
775 2420 1028 2501 paraphrasibus
1053 2420 1149 2482 nobis
1164 2427 1293 2481 seruata

225 2537 299 2588 sunt
326 2527 479 2590 »disiecta
503 2527 649 2590 membra
677 2538 828 2608 poetae»,
847 2529 985 2609 perspici
1004 2529 1108 2609 possit
1125 2527 1293 2608 quomodo

225 2633 284 2696 has
309 2633 434 2697 fabulas
458 2636 633 2698 narrauerit
652 2635 825 2699 Phaedrus,
845 2634 947 2698 Multa
964 2635 1101 2715 uestigia
1118 2633 1293 2715 Aesopeae

225 2743 375 2804 narrandi
401 2743 533 2805 rationis
557 2763 599 2804 ex
623 2741 770 2805 Phaedro
795 2742 1027 2806 transtulerunt
1050 2743 1291 2824 paraphrastae‚

225 2860 261 2911 ut
296 2851 393 2912 etiam
429 2851 511 2913 inter
543 2851 743 2912 narrationes
773 2871 885 2912 eorum
910 2861 942 2913 et
966 2848 1091 2913 fabulas
1115 2849 1293 2911 Babrianas

226 2978 267 3019 ex
292 2957 430 3038 Aesopo
454 2968 602 3038 sumptas
626 2967 738 3039 aperta
763 2969 793 3021 et
814 2958 955 3021 dilucida
970 2956 1145 3020 similitudo
1162 2957 1292 3018 interce·

225 3065 291 3126 dat.
340 3064 385 3126 Vt
419 3085 486 3126 rem
522 3063 689 3127 clariorem
727 3065 853 3141 faciam,
890 3067 953 3128 iam
978 3067 1020 3127 ad
1045 3063 1196 3146 exempla
1220 3063 1294 3126 affe·v

225 3172 327 3234 renda
350 3173 579 3254 transgredior.

226 3280 321 3342 Rom.
347 3279 386 3354 II,
412 3296 446 3358 9:
492 3279 574 3342 Cum
610 3281 762 3362 strepitus
788 3301 928 3362 magnus
952 3281 994 3342 ad
1018 3279 1145 3361 lepores
1169 3279 1293 3341 ueniret

491 3387 628 3462 subitus
668 3387 836 3450 consilium
876 3387 971 3450 simui
1010 3387 1154 3451 fecerunt
1189 3396 1224 3448 ut
1258 3405 1293 3448 se

490 3495 742 3576 praecipitarent
766 3506 899 3576 propter
923 3496 1072 3558 assiduos
1091 3505 1205 3557 metus¹
1231 3493 1293 3555 Ve-

491 3612 605 3666 nerunt
629 3603 671 3663 ad
695 3622 785 3664 oram
810 3602 958 3677 fluminis
986 3603 1039 3665 ubi
1060 3622 1158 3665 ranae
1174 3600 1294 3663 multae

490 3720 590 3772 erant.
627 3709 687 3771 -At
721 3710 775 3772 ubi
803 3712 891 3774 uenit
916 3731 1033 3792 agmen
1058 3709 1215 3791 leporum,
1241 3729 1293 3792 ex7

491 3826 651 3899 pauerunt
684 3837 781 3880 ranae
814 3829 846 3880 et
878 3819 910 3880 in
941 3818 1073 3881 fluuium
1097 3838 1133 3880 se
1156 3819 1293 3880 iactaue·

491 3935 572 3988 runt.
622 3925 767 4007 Lepores
801 3947 901 4008 quum
924 3926 1006 3990 haec
1031 3927 1187 4001 uiderent,
1212 3945 1293 3987 unus

490 4033 632 4096 illorum:
668 4032 759 4108 Sunt,
790 4034 901 4115 inquit,
927 4044 959 4096 et
982 4033 1033 4095 alii
1059 4035 1222 4108 timentes;
1247 4052 1293 4094 se·

490 4161 626 4220 quamur
657 4142 767 4214 uitam,
798 4152 833 4202 ut
857 4143 963 4215 ceteri,
990 4141 1139 4215 ieramus
1165 4141 1190 4201 si
1215 4139 1292 4221 quid

1240 4301 1257 4349 4
