3244 4868
774 373 949 434 „24.-

327 573 503 653 Aesopeae
536 573 685 634 narrandi
721 573 854 634 rationis
890 573 919 634 in
957 573 1027 652 ipsa
1063 581 1177 634 natura
1213 571 1389 636 fabularum

327 681 443 761 posita,
469 680 497 742 si
520 700 585 742 non
609 678 679 740 sola
702 681 781 742 satis
799 679 847 744 ad
873 699 939 742 rem
964 679 1245 760 comprobandam
1270 679 1389 754 ualent,

326 799 436 850 tamen
470 807 544 852 cum
580 786 650 851 aliis
683 786 877 848 firmioribus
900 787 1099 868 argumentis
1122 789 1295 852 coniuncta
1320 807 1389 869 pro·

327 894 528 958 habilitatem
553 915 650 975 quam
676 895 852 956 maximam
876 893 1028 956 efficiunt.

437 1001 484 1062 Vt
518 1003 582 1064 iam
607 1003 639 1064 in
663 1000 863 1081 praefatione
887 1002 1007 1076 monui,
1033 998 1164 1066 Crusius
1188 1004 1219 1064 in
1243 1001 1389 1082 encyclo-

327 1111 424 1190 pedia
448 1109 629 1171 Wissowae
653 1109 692 1184 ΙΙ,
720 1109 804 1187 2658
828 1129 900 1189 sqq.
919 1109 1060 1172 rationes
1076 1110 1256 1190 descripsit,
1275 1110 1392 1191 quibus

326 1218 483 1298 originem
519 1215 698 1279 fabularum
734 1216 842 1279 Babrii
875 1217 1018 1280 inuenire
1051 1217 1145 1280 nobis
1169 1216 1286 1282 liceret.
1334 1217 1390 1278 Ad

224 1315 226 1320 ’
326 1325 466 1404 priorem
483 1323 598 1386 librum
617 1323 849 1386 restituendum
866 1323 1001 1386 multum
1019 1323 1125 1386 ualere
1141 1325 1239 1388 docet
1255 1325 1391 1388 Phaedri

326 1430 451 1495 fabulas
475 1439 548 1494 curn
573 1431 742 1509 Babrianis
766 1441 972 1512 comparatas
997 1442 1029 1494 et
1053 1431 1197 1512 mythica
1220 1431 1281 1506 illa,
1307 1451 1391 1513 quae

326 1541 368 1602 ad
403 1538 591 1620 exemplum
617 1538 796 1602 fabularum
822 1539 937 1619 prioris
962 1539 1069 1601 Babrii
1093 1538 1163 1602 libri
1189 1539 1231 1602 ab
1255 1541 1292 1602 iis
1317 1547 1390 1620 po'e'·

326 1648 366 1708 tis
401 1647 585 1726 conscripta
615 1665 687 1708 esse
710 1647 858 1720 coniecit,
883 1647 937 1727 qui
962 1647 1130 1726 prooemio
1154 1647 1183 1708 11
1207 1657 1390 1727 carpuntur.

326 1755 465 1816 Primum
504 1755 601 1834 igitur
639 1755 670 1816 in
711 1754 988 1834 comparationem
1024 1754 1193 1818 ducendae
1227 1765 1303 1818 sunt
1332 1775 1391 1816 eae

326 1862 462 1924 Phaedri
488 1860 625 1934 fabulae,
652 1880 734 1941 quas
757 1881 831 1924 cum
857 1861 975 1924 Babrio
999 1881 1192 1924 communes
1215 1862 1323 1925 habet.
1356 1861 1391 1926 Si

325 1969 462 2031 Phaedri
501 1967 658 2049 prologos
693 1967 934 2049 perlegerimus,
970 1967 1063 2032 facile
1097 1970 1270 2050 apparebit
1293 1971 1389 2032 etiarn

326 2084 456 2157 po'etam
488 2095 657 2138 romanum
682 2077 714 2138 in
737 2095 837 2155 opere
860 2095 920 2138 suo
944 2077 1143 2138 instituendo
1167 2076 1390 2140 collectionem

325 2184 489 2264 quandam
508 2181 698 2262 Aesopeam
712 2181 907 2245 adhibuisse.
945 2182 1231 2264 Quemadmodum
1245 2185 1389 2260 Babrius,
1497 2207 1498 2212 ¹

325 2292 369 2352 ita
398 2290 562 2358 Phaedrus
586 2311 684 2371 quum
709 2311 728 2353 a
753 2291 912 2370 principio
936 2290 969 2352 id
993 2290 1097 2354 solum
1121 2291 1182 2354 sibi
1208 2294 1390 2374 proposuis-

324 2407 374 2460 set
398 2408 433 2459 ut
457 2398 624 2460 materiam
648 2397 775 2477 Aesopi
803 2397 950 2460 uersibus
974 2398 1118 2480 senariis¹
1131 2397 1257 2478 poliret,
1276 2411 1391 2480 postea

325 2506 411 2568 uiam
447 2503 628 2567 liberiorem
652 2505 815 2585 ingressus
839 2514 897 2566 est.
946 2503 1054 2586 Quum
1080 2506 1176 2586 igitur
1199 2516 1232 2567 et
1256 2505 1391 2568 Babrius

324 2622 357 2674 et
381 2612 545 2676 Phaedrus
569 2612 709 2678 eundem
733 2611 855 2674 fontem
882 2611 1101 2692 profiteantur,
1128 2613 1194 2674 iure
1206 2605 1390 2694 exspectari

325 2729 434 2800 potest
457 2739 515 2781 eos
538 2720 637 2782 etiam
660 2729 852 2799 argumenta
875 2718 989 2780 similia
1010 2718 1061 2780 uel
1078 2720 1192 2782 eadem
1210 2719 1389 2800 protulisse.

325 2825 423 2908 Quod
448 2827 545 2890 etiam
570 2825 722 2890 lecerunt.
764 2824 982 2890 Collectiones
1006 2825 1179 2908 Aesopeas
1203 2828 1234 2889 in
1255 2830 1390 2910 antiqui·

324 2945 391 2996 tate
424 2932 573 3014 uulgatas
598 2932 788 3014 plerumque
811 2934 844 2994 in
869 2934 982 2998 iisdem
1007 2936 1205 3015 argumentis
1230 2936 1390 3016 proferen-

324 3042 374 3102 dis
409 3051 441 3104 et
476 3041 599 3104 ratione
635 3041 785 3103 narrandi
821 3041 903 3103 inter
936 3061 972 3102 se
1004 3042 1186 3105 concinisse
1209 3063 1250 3105 ex
1276 3043 1390 3107 sabulis

323 3147 431 3212 latinis
463 3148 610 3224 Phaedri,
635 3149 760 3229 graecis
784 3148 892 3210 Babrii
916 3149 1107 3230 saepissime
1132 3155 1299 3232 usquead
1323 3173 1389 3214 uer·

323 3256 437 3319 borum
462 3255 703 3318 similitudinem
729 3256 811 3319 inter
835 3277 870 3320 se
894 3257 1147 3338 congruentibus
1172 3259 1282 3322 uidere
1305 3259 1388 3323 licet.

323 3364 358 3425 ld
396 3364 527 3444 quidem
543 3415 546 3422 .
565 3363 656 3426 facile
692 3364 938 3426 concedendum
964 3374 1013 3427 est
1037 3363 1153 3429 multas
1177 3387 1248 3428 esse
1274 3387 1333 3442 res,
1359 3369 1390 3430 in

323 3471 441 3551 quibus
476 3471 559 3533 inter
587 3492 622 3534 se
646 3473 840 3534 dissentiunt
864 3483 1015 3535 auctores
1038 3473 1092 3548 ita,
1117 3483 1151 3534 ut
1175 3475 1263 3535 credi
1287 3476 1391 3554 possit

323 3577 508 3642 discrimina
532 3578 619 3640 haud
643 3571 748 3659 pauca
772 3590 804 3642 et
828 3582 859 3642 in
884 3580 1083 3661 argumentis
1106 3579 1278 3643 afferendis
1301 3593 1335 3643 et
1358 3583 1390 3642 in

323 3687 449 3748 ratione
473 3687 624 3749 narrandi
650 3687 730 3748 inter
754 3687 954 3768 exemplaria
971 3687 1080 3750 Babrii
1095 3697 1129 3748 et
1145 3687 1280 3749 Phaedri
1298 3689 1390 3751 inter-

323 3791 429 3856 fuisse.
478 3791 544 3857 Sed
580 3793 665 3856 haud
696 3815 768 3856 raro
792 3806 912 3858 rectam
937 3793 1205 3856 dissimilitudinis
1228 3795 1390 3876 explican-

322 3900 385 3962 dae
412 3902 498 3964 uiam
524 3901 619 3964 nobis
644 3903 822 3965 ostendunt
846 3901 974 3966 fabulae
1000 3922 1098 3983 prosa
1121 3904 1269 3966 oratione
1292 3907 1400 3988 scrip.

321 4018 374 4070 tae
412 4011 506 4089 (quas
545 4010 577 4071 in
617 4030 715 4072 unum
754 4011 919 4092 congessit
959 4008 1089 4094 Halm),
1130 4031 1267 4092 quarum
1302 4014 1389 4076 haud

208 4190 211 4194 ¹
322 4117 433 4198 paucis
456 4115 590 4183 ‚fontem
628 4138 702 4182 uere
734 4117 924 4204 Aesopeum
948 4120 1082 4184 subesse
1107 4120 1304 4188 credendum
1329 4132 1387 4191 est.
