3244 4868
685 403 861 466 ,43‚.

236 598 370 661 Phaedr.
388 599 411 675 1,
433 611 460 678 5,
477 600 512 661 6:
538 600 593 663 Sic
616 610 666 662 est
689 599 816 663 locutus
839 602 986 682 partibus
1010 602 1103 665 factis
1126 603 1192 666 leo:

538 707 611 788 Ego
647 709 784 789 primam
819 708 907 784 tolla
944 711 1093 772 nominor
1128 712 1204 792 quia
1235 731 1302 786 rex,

1079 837 1152 880 mea
1176 829 1234 882 est.
1259 845 1305 877 τ.-

235 955 329 1019 Babr.
355 957 408 1038 67,
433 975 468 1037 4:
536 939 559 1019 ’ὁ
582 957 670 1020 λέων
694 958 818 1041 μερΐζει
840 958 898 1022 καὶ
921 959 1030 1040 τίθησι
1054 965 1146 1040 τρεῖς
1170 960 1301 1045 μοίρας,
1362 1001 1363 1004 =

536 1064 596 1127 καί
631 1063 712 1145 Πτὴν
747 1065 807 1149 μὲν
841 1066 978 1145 αὐτός”,
1012 1067 1104 1150 φησί,
1131 1067 1303 1152 ,,λήψομαι

1157 1175 1300 1255 πρώτην·

540 1279 702 1367 βασιλεὺς
726 1282 795 1362 γάρ
819 1283 882 1365 εἰμι
904 1271 925 1346 ‚¹
938 1334 1278 1348 ...........
1284 1283 1300 1305 ”

234 1423 367 1487 Phaedr.
382 1423 439 1500 lV,
458 1441 506 1500 10,
521 1443 556 1504 4:
575 1424 647 1488 Hac
679 1446 712 1488 re
744 1427 853 1490 uidere
884 1438 995 1490 nostra
1026 1427 1110 1490 mala
1139 1448 1206 1491 non
1229 1449 1301 1509 pos·

1178 1555 1300 1610 sumus,

570 1639 636 1702 Alii
648 1640 744 1703 simul
756 1640 956 1724 delinquunt,
970 1663 1121 1706 censores
1129 1663 1248 1706 sumus.
1258 1668 1302 1702 Ξ

233 1782 330 1846 Babr.
354 1783 408 1858 66,
435 1797 469 1863 7:
485 1752 492 1768 Ι
571 1782 625 1846 διό
642 1803 697 1866 μοι
712 1782 857 1847 δοκοῦσι
873 1786 1056 1868 συμφορὰς
1072 1783 1132 1869 μὲν
1144 1785 1300 1866 ἀλλήλων

253 1919 255 1922 ·
534 1955 539 1960 ,,
569 1891 703 1978 βλέπειν
726 1894 886 1979 ἀκριβῶς,
912 1895 1052 1972 ἀγνοεῖν
1064 1891 1105 1955 δὲ
1121 1894 1184 1971 τὰς
1200 1893 1297 1956 οἴκοι.

231 2034 366 2096 Phaedr.
382 2033 473 2116 App.
489 2036 539 2110 28,
557 2051 589 2113 3:
615 2035 674 2098 Per
697 2046 729 2097 te
752 2057 810 2097 oro
835 2057 972 2117 superos
990 2087 1297 2100 ..........
1381 2101 1383 2104 .

613 2143 663 2204 Ne
687 2163 739 2205 me
763 2145 886 2206 indices
923 2194 1297 2210 ............

231 2285 326 2348 Babr.
355 2299 404 2364 50,
432 2302 466 2365 3:
615 2335 822 2350 .......
847 2285 936 2366 πρὸς
958 2288 1049 2350 θεῶν
1072 2302 1113 2350 σε
1137 2287 1300 2368 σωτήρων

611 2443 985 2458 ············
1005 2394 1047 2478 μή
1072 2416 1112 2477 με
1136 2393 1296 2477 μηνύσω·

338 2534 437 2616 Quod
472 2538 504 2598 in
532 2536 650 2608 sabula,
677 2557 761 2618 quae
784 2543 833 2600 es't
858 2538 952 2600 Babr.
978 2539 1020 2618 67
1044 2563 1089 2596 .·.··.
1112 2538 1246 2600 Phaedr.
1272 2538 1295 2612 I,

157 2705 160 2712 ,
233 2658 248 2724 5
282 2644 418 2706 Babrius
446 2645 479 2705 in
503 2645 686 2706 narratione
710 2646 896 2726 incipienda
923 2643 1165 2707 »ἐκοινώνουω
1188 2645 1296 2719 habet,

230 2753 394 2814 Phaedrus
421 2749 529 2813 »Socii
553 2750 671 2827 fuere»,
698 2753 787 2814 cuius
811 2753 855 2814 rei
872 2753 995 2815 mentio
1011 2753 1042 2814 in
1061 2751 1169 2814 fabula
1186 2751 1294 2818 Halm.

231 2861 294 2940 258
330 2861 432 2933 deest,
468 2859 501 2920 id
538 2859 625 2921 haud
662 2859 759 2921 dubie
793 2861 826 2921 in
854 2859 944 2922 fonte
968 2861 1134 2940 utriusque
1158 2861 1297 2922 auctoris

229 2967 388 3047 Aesopeo
412 2965 530 3028 lectum
555 2987 627 3029 esse
641 2979 779 3030 censeo,
828 2967 955 3029 Eodem
979 2967 1079 3029 modo
1104 2969 1146 3030 ad
1171 2967 1294 3030 sontem

228 3073 420 3154 Aesopeum
457 3072 617 3154 pertinere
651 3092 770 3137 censeo
806 3075 894 3156 quorl
926 3075 1066 3137 Babrius
1101 3076 1132 3136 in
1156 3095 1250 3137 uersu
1277 3092 1295 3138 2

229 3181 364 3262 profert:
399 3181 487 3262 ἀλκῇ
511 3179 572 3263 μὲν
595 3182 615 3243 6
638 3181 735 3258 λέων,
760 3183 780 3243 6
804 3179 920 3259 δ’ὄκος
944 3183 982 3244 ἐν
1004 3177 1104 3244 ποσὶν
1126 3180 1297 3261 κρείσσων

228 3315 273 3346 =
308 3288 417 3351 Halm.
456 3291 533 3369 258:
570 3289 590 3350 6
625 3287 686 3371 μὲν
720 3289 808 3352 λέων
835 3287 893 3351 διὰ
915 3293 976 3369 τῆς
999 3287 1187 3372 δυνάμεως,
1213 3290 1233 3350 6
1257 3287 1298 3352 δὲ

230 3393 382 3476 ὄκαγρος
406 3395 463 3459 διὰ
486 3399 547 3477 τῆς
571 3399 608 3460 ἐν
630 3396 710 3459 ποσὶ
733 3397 927 3479 ταχύτητος.
971 3398 1126 3461 'Ceterum
1151 3398 1239 3479 quod
1265 3399 1297 3459 in

229 3505 291 3566 hac
314 3504 433 3580 fabula,
459 3503 587 3586 qualem
613 3525 685 3566 eam
710 3507 741 3567 in
757 3505 885 3587 sylloge
902 3506 1058 3587 Aesopea
1074 3507 1297 3586 antiquissima

229 3610 346 3674 lectam
370 3633 442 3675 esse
466 3610 637 3675 uerisimile
660 3624 719 3688 est,
745 3615 786 3675 de
809 3613 1123 3676 societateserarum
1141 3613 1297 3692 scriptum

228 3732 307 3796 erat,
344 3721 376 3783 id
401 3722 500 3783 credo
524 3720 566 3782 ab
591 3731 723 3782 auctore
747 3719 811 3782 sab.
838 3719 946 3782 Halm.
973 3733 1037 3798 259
1061 3722 1104 3781 ad
1127 3739 1296 3800 argumen-

229 3839 297 3890 tum
333 3828 524 3909 Aesopeum
560 3826 646 3889 aliud
682 3828 769 3889 haud
795 3829 874 3890 satis
897 3837 975 3908 apte
998 3826 1189 3890 translatum
1213 3845 1295 3889 esse.

228 3935 263 3998 Si
287 3937 373 3998 enim
398 3934 506 3998 Halm.
534 3947 598 4014 259
623 3955 696 3997 cum
720 3935 857 3997 Phaedri
881 3935 903 4010 I,
934 3951 968 3996 11
989 3935 1295 4015 comparauerimus,

227 4043 399 4124 apparebit
433 4043 496 4105 hoc
532 4043 663 4124 quidem
700 4041 774 4105 loco
808 4063 873 4104 non
898 4042 939 4104 de
962 4043 1119 4104 societate
1143 4040 1207 4104 ulla
1230 4043 1294 4123 agi,

227 4151 285 4212 sed
320 4151 429 4212 asinus
465 4151 582 4212 dicitur
616 4169 729 4212 comes
764 4149 862 4212 fuisse
885 4149 998 4225 leonis,
1024 4169 1130 4230 neque
1155 4151 1296 4231 praedae
