3260 4882
752 383 792 484 {33
819 427 862 450 *a

235 607 273 680 iis
296 617 439 702 quodam
463 619 564 682 modo
584 596 777 696 ·c0haerere;
794 618 944 701 leguntur
960 621 1061 684 enim:
1084 618 1307 700 »ἀλεκτρυὼν

235 724 390 805 ἡττηθεὶς
427 724 493 790 ὑπὸ
532 729 592 807 τῆς
631 725 753 804 αἰδοῦς
789 724 1006 803 καταδύεται,
1045 725 1223 807 κρατήσας
1262 725 1306 790 δὲ

234 831 368 913 γαῦρός
402 835 473 898 ἐστι
507 833 565 898 καὶ
598 833 785 918 ὑψαυχενεῑ
818 833 876 898 καὶ
910 833 1133 918 κυδρουμένῳ
1158 833 1303 900 ἔοικεν».

143 1017 145 1022 Ι
235 940 334 1004 Vnde
369 935 528 1022 apparere
563 945 661 1006 credo
685 942 923 1006 narrationibus
947 942 1064 1018 Babrii,
1090 941 1193 1019 Plinii,
1217 943 1316 1009 Aeli.

235 1049 289 1110 ani
323 1050 405 1112 inter
439 1070 475 1113 se
510 1050 764 1132 congruentibus
799 1051 956 1112 contineri
980 1049 1227 1114 fundamentum
1252 1051 1305 1114 ali·

235 1156 323 1237 quod
362 1177 544 1232 commune,
585 1159 675 1239 quod
713 1157 757 1219 ab
796 1167 930 1220 auctore
968 1158 1110 1239 quodam
1148 1157 1304 1222 naturalis

236 1265 389 1327 historiae
412 1265 578 1328 inuentum
603 1273 720 1346 postea
743 1266 841 1328 etiam
866 1266 898 1328 in
920 1263 1020 1330 libros
1035 1265 1211 1349 Aesopeos
1226 1285 1304 1330 non·

237 1370 341 1434 nullos
376 1373 407 1434 in
445 1371 588 1436 fabulam
612 1381 848 1436 commutatum
873 1374 1044 1454 irrepserit.
1092 1373 1191 1455 Quod
1216 1375 1303 1438 enim

237 1477 344 1542 sabula
379 1480 486 1542 Babrii
510 1489 650 1544 exeunte
673 1479 782 1562 aquila
805 1479 925 1562 gallum
950 1480 1105 1543 uictorem
1131 1479 1245 1556 aufert,
1270 1490 1306 1544 ut

235 1588 339 1650 uictus
362 1586 490 1650 aemulo
508 1597 678 1656 summoto
702 1586 829 1669 gallinis
853 1589 1025 1668 imperitet,
1051 1589 1084 1649 id
1099 1587 1187 1652 haud
1205 1587 1306 1652 dubie

236 1704 292 1756 aut
325 1695 368 1756 ab
403 1705 545 1771 auctore,
582 1697 638 1778 qui
662 1706 889 1778 argumentum
914 1697 946 1758 in
970 1695 1087 1758 librum
1111 1695 1305 1780 Aesopeum

235 1821 253 1864 e
287 1801 479 1866 collectione
513 1803 718 1866 historiarum
755 1802 946 1866 naturalium
983 1802 1155 1878 transtulit,
1181 1813 1238 1866 aut
1262 1803 1305 1866 ab

236 1911 309 1990 ipso
333 1909 452 1973 Babrio
475 1910 638 1974 adiectum
662 1921 720 1974 est.

347 2017 480 2080 Crusius
503 2019 535 2080 in
558 2017 814 2100 encyclopaedia
833 2017 945 2099 Pauly·
961 2019 1144 2082 Wissowae
1161 2018 1200 2093 11,
1220 2017 1303 2097 2663

236 2127 361 2188 notauit
396 2124 537 2188 fabulam
571 2125 666 2188 Babr.
708 2144 746 2205 14
771 2128 859 2207 apud
893 2124 1068 2190 Aelianum
1092 2135 1157 2188 nat.
1183 2145 1235 2189 an.
1261 2125 1303 2201 V,

235 2251 280 2312 49
313 2253 484 2296 recurrere.
543 2231 674 2314 Operae
709 2235 845 2315 pretium
882 2235 942 2296 erit
978 2234 1098 2309 uidere,
1134 2235 1303 2316 quomodo

236 2341 322 2403 idem
357 2352 584 2422 argumentum
609 2343 641 2404 in
665 2362 758 2404 usum
782 2343 945 2405 diuersum
971 2342 1190 2405 conuerterint
1214 2341 1302 2404 fabu-

235 2447 318 2511 lator
352 2459 384 2510 et
419 2458 533 2513 auctor
567 2450 722 2512 historiae
756 2448 919 2512 naturalis.
967 2449 1043 2512 Non
1078 2448 1194 2514 dubito
1223 2451 1301 2531 quin

236 2556 298 2618 ho'c
331 2567 557 2637 argumentum
583 2558 687 2638 primo
711 2558 743 2619 in
768 2577 825 2620 ore
847 2557 960 2638 populi
984 2567 1089 2620 ortum
1114 2557 1234 2620 deinde
1258 2557 1301 2620 ab

236 2673 369 2726 auctore
392 2661 499 2744 aliquo
525 2661 678 2726 naturalis
701 2663 855 2726 historiae
877 2673 933 2726 aut
949 2661 1250 2746 paradoxographo
1267 2665 1300 2726 in

236 2769 461 2836 collectionem
485 2773 704 2834 narrationum
729 2770 920 2834 mirabilium
938 2781 1109 2853 acceptum
1126 2773 1177 2834 sit.
1214 2770 1300 2852 Aeli·

236 2897 317 2940 anus
332 2878 437 2958 ,igitur
453 2897 559 2958 ¹quum
583 2880 718 2959 copiose
742 2880 784 2940 de
807 2876 1001 2942 animalibus
1024 2876 1212 2959 gregalibus
1235 2879 1302 2942 suis

237 2986 370 3048 mortuis
404 2985 562 3048 honorem
598 2986 813 3049 tribuentibus
848 2986 1002 3066 disputat,
1028 2985 1102 3050 huic
1126 2987 1304 3048 narrationi

236 3094 404 3172 coniungit
455 3103 691 3174 argumentum,
745 3114 811 3174 quo
858 3093 1008 3157 dicuntur
1053 3094 1140 3156 ursi.
1162 3094 1247 3155 adeo
1286 3114 1306 3154 a

237 3202 373 3263 mortuis
409 3200 594 3275 abhorrere,
634 3211 669 3264 ut
708 3221 749 3264 ne
789 3211 962 3264 uenatores
999 3200 1132 3282 quidem
1168 3211 1304 3262 mortem

236 3305 424 3372 simulantes
452 3305 590 3372 ,uiolent
640 3307 732 3372 Haec
765 3308 830 3372 duo
855 3318 1047 3389 argumenta
1071 3327 1185 3388 parum
1211 3306 1305 3372 felici·

237 3423 285 3476 ter
318 3414 361 3476 ab
396 3413 537 3478 Aeliano
572 3416 654 3478 inter
688 3436 725 3478 se
758 3433 909 3478 connexa
942 3435 1015 3477 esse
1050 3413 1143 3478 sacile
1177 3425 1226 3478 est
1261 3416 1303 3478 in·

220 3519 387 3602 -telligere
443 3522 580 3586 Babrius
621 3533 729 3588 autem
774 3521 824 3585 uel
865 3523 974 3603 potius
1013 3521 1151 3586 fortasse
1192 3531 1306 3586 auctor

237 3630 306 3695 eius
338 3635 436 3710 quum
468 3629 599 3712 uulpem
623 3630 785 3694 secundas
809 3640 919 3712 partes
942 3640 1096 3710 agentem
1121 3630 1250 3693 induxit
1273 3638 1306 3691 et

190 3761 193 3766 ·
237 3736 359 3798 dictum
384 3735 460 3800 illud
485 3739 517 3800 in
542 3737 605 3800 fine
630 3737 759 3800 fabulae
783 3739 924 3818 positum
948 3739 978 3800 ei
1001 3737 1122 3812 tribuit,
1139 3757 1213 3818 quo
1235 3758 1305 3800 sen·

237 3845 337 3906 tentia
372 3843 503 3908 moralis
533 3855 611 3926 apta
634 3846 809 3908 narrationi
833 3845 1021 3919 adiceretur,
1047 3845 1110 3908 hoc
1134 3846 1234 3908 modo
1258 3865 1305 3906 ar-

237 3962 427 4031 gumentum
463 3973 505 4017 ex
529 3953 663 4016 historia
686 3952 824 4015 naturali
848 3953 934 4016 haud
960 3953 1059 4016 dubie
1083 3962 1248 4033 sumptum
1274 3953 1305 4014 in

238 4056 379 4122 sabulam
403 4059 654 4124 transformauit.
696 4059 820 4123 Eadem
846 4059 911 4122 lere
936 4080 1020 4141 quae
1044 4061 1086 4122 de
1110 4059 1171 4124 hac
1196 4059 1306 4122 sabula

237 4167 335 4228 etiam
371 4167 413 4229 de
448 4167 542 4232 Babr.
582 4180 632 4246 35,
669 4167 759 4230 cuius
794 4177 1020 4247 argumentum
1058 4187 1077 4228 a
1113 4166 1214 4228 Plinio
1239 4177 1303 4228 nat.

239 4274 310 4334 hist.
342 4274 430 4348 Vlll,
458 4276 520 4335 216
545 4286 576 4335 et
601 4273 758 4354 Oppiano
783 4273 908 4354 Cyneg.
935 4275 973 4348 ll,
999 4275 1061 4353 605
1089 4276 1216 4336 tractari
1242 4276 1305 4335 ani·
