3244 4868
223 1012 289 1086 De
334 1011 496 1099 fabulis,
544 1033 666 1107 quae·
699 1012 752 1086 ad
794 1011 1012 1098 historiam
1033 1012 1289 1089 naturalem

356 1143 357 1146 ’
384 1138 603 1233 pertinent,
633 1146 673 1210 et
701 1137 754 1211 de
777 1151 941 1217 Αἰσώπου
969 1153 1128 1234 γελοίοις,

330 1351 495 1415 Phaedrus
530 1368 630 1432 quurn'
666 1352 698 1414 in
733 1350 804 1412 libri
839 1353 934 1433 primi
958 1351 1096 1433 prologo
1119 1353 1290 1434 profitetur

222 1479 258 1521 se
299 1460 468 1521 materiam
503 1457 631 1540 Aesopi
667 1457 771 1521 solam
806 1459 952 1521 uersibus
987 1459 1182 1523 inclusurum
1207 1481 1288 1536 esse,
1342 1460 1344 1464 ’

221 1567 423 1648 suspiciones
447 1577 575 1629 nostras
599 1567 782 1628 necessario
807 1569 928 1642 mouet,
954 1567 1044 1648 quod
1069 1569 1101 1629 in
1126 1568 1189 1629 hoc
1206 1567 1289 1630 libro

221 1673 347 1736 fabulas
377 1672 491 1749 attulit,
517 1694 601 1756 quae
626 1694 644 1735 a
668 1675 795 1736 ratione
818 1674 971 1737 narrandi
995 1674 1151 1756 Aesopea
1174 1675 1288 1738 abhor-

222 1791 328 1844 rentes
359 1783 449 1862 apud
472 1781 625 1843 Babriunr
650 1791 682 1844 et
706 1791 855 1844 auctores
879 1783 1086 1863 antiquiores
1111 1785 1165 1864 qui
1190 1785 1222 1846 in
1246 1783 1288 1846 sa-

221 1888 366 1952 bularum
403 1890 602 1971 argumentis
627 1889 829 1970 proferendis
853 1888 944 1951 multi
968 1900 1052 1965 sunt,
1078 1892 1211 1953 omnino
1235 1892 1293 1954 de.

220 2007 303 2072 sunt,
341 1997 428 2078 apud
465 1998 639 2078 scriptores
674 2007 782 2058 autern
819 1995 916 2077 paulo
952 1999 1139 2078 posterioris
1172 1999 1288 2061 aetatis

220 2114 400 2167 occurrunt.
449 2104 581 2166 Crusius
611 2104 693 2165 Mus.
720 2104 823 2166 Rhen.
849 2104 989 2166 XXXIX
1013 2125 1088 2186 pag.
1110 2106 1285 2184 604—605
1322 2164 1324 2168 .

219 2213 454 2274 demonstrauit
491 2212 670 2274 Phaedrum
700 2213 732 2273 in
756 2213 957 2293 argumentis
981 2212 1175 2275 exhibendis
1199 2213 1286 2275 haud

219 2340 290 2382 raro
337 2341 410 2381 cum
456 2319 626 2382 Plutarcho
666 2320 710 2382 ita
749 2320 940 2394 consentire,
981 2329 1015 2381 ut
1039 2321 1131 2401 'quin
1171 2321 1285 2382 eadem

219 2425 418 2508 exemplaria
456 2427 661 2494 adhibuerint
684 2427 825 2488 dubitari
850 2447 915 2488 non
940 2428 1053 2508 possit.
1102 2426 1285 2508 Argumen-

217 2533 333 2610 torum,
373 2555 458 2616 quae
497 2535 643 2597 Phaedro
683 2554 756 2596 curn
796 2533 965 2596 Plutarcho
990 2536 1190 2618 communia
1213 2554 1285 2597 esse

218 2642 349 2718 inuenit,
386 2643 445 2704 tria
480 2643 504 2717 1,
546 2644 598 2719 18;
636 2643 731 2720 120;
757 2643 780 2717 Ι,
807 2643 849 2703 26
872 2643 936 2704 iam
962 2643 993 2704 in
1018 2643 1123 2722 primo
1148 2641 1285 2705 Phaedri

218 2748 299 2811 libro
335 2749 492 2831 leguntur.
541 2747 692 2830 Apparet
716 2751 813 2830 igitur
838 2750 1017 2812 Phaedrum
1042 2749 1180 2830 Aesopo
1204 2750 1285 2827 haec

218 2866 410 2938 argumenta
457 2857 677 2938 adscripsisse.
733 2857 851 2919 Libros
898 2857 1034 2920 Phaedri
1081 2845 1283 2937 peruoluenti
1336 2860 1339 2866 '

216 2966 314 3027 etiam
350 2964 432 3027 aliae
467 2963 597 3027 fabulae
628 2964 706 3026 mihi
730 2975 947 3040 occurrerunt,
973 2984 1058 3046 quae
1083 2964 1125 3026 ab
1149 2967 1283 3027 auetori-

216 3073 277 3134 bus
312 3071 466 3134 naturalis
499 3074 687 3153 praesertim
723 3072 877 3135 historiae
906 3071 1140 3158 posterioribus
1163 3074 1281 3135 eodem

216 3179 282 3242 fere
317 3180 417 3242 modo
441 3201 507 3261 quo
531 3201 550 3242 a
575 3179 722 3242 Phaedro
747 3179 962 3260 proferuntur.
1011 3179 1118 3242 Etiam
1144 3179 1282 3242 in'libro

216 3288 230 3349 I
263 3309 328 3350 una
363 3297 450 3350 certe
485 3289 553 3349 eius
588 3288 715 3368 generis
751 3285 868 3368 legitur
893 3286 1002 3349 sabula
1026 3287 1049 3362 Ι,
1077 3300 1132 3367 253
1158 3288 1281 3350 addere

214 3395 311 3458 uelim
344 3395 367 3471 Ι,
406 3413 457 3474 19,
483 3416 567 3476 quae
590 3396 687 3457 etiarn
712 3394 877 3474 aJustino
901 3394 1018 3470 XLlIl,
1044 3413 1074 3472 4,
1099 3404 1283 3472 4narratur

215 3502 267 3584 (cl.
293 3501 453 3566 Schwabe
477 3502 500 3578 Ι,
528 3505 605 3581 3823
631 3502 749 3564 Havet.
776 3522 851 3583 pag.
876 3500 937 3584 21);
956 3502 1088 3564 dubium
1107 3503 1192 3564 enim
1209 3523 1281 3565 esse

215 3631 280 3673 non
314 3619 424 3692 potest
459 3611 534 3690 quin
570 3611 667 3672 etiam
699 3610 844 3691 Justinus
873 3620 1027 3672 auctorue
1050 3611 1119 3671 eius
1142 3631 1215 3672 eam
1240 3631 1281 3672 ex

214 3718 303 3780 sonte
338 3738 456 3798 graeco
491 3716 696 3780 transtulerit.
745 3717 812 3780 Sed
848 3738 921 3780 eam
957 3737 999 3778 ex
1033 3717 1280 3779 collectionibus

212 3824 392 3888 fabularum
430 3824 618 3906 uulgaribus
657 3825 806 3887 haustam
842 3845 913 3887 esse
951 3845 1016 3887 non
1053 3845 1151 3906 posse
1187 3824 1280 3887 sacile

213 3933 289 3996 inde
317 3915 463 4014 apparet,
490 3933 578 4015 quod
603 3935 630 3994 si
654 3935 698 3995 ita
723 3933 842 3996 sactum
867 3943 963 4008 esset,
989 3933 1077 3994 haud
1101 3933 1201 3995 dubie
1225 3943 1281 3995 aut

212 4043 244 4104 in
278 4040 459 4104 fabularum
483 4042 589 4122 copia,
615 4061 698 4122 quae
723 4041 764 4102 ad
789 4061 850 4103 nos
876 4042 1032 4122 peruenit,
1057 4050 1201 4102 exstaret
1224 4051 1280 4102 aut

212 4158 522 4211 commemoraretur
556 4147 671 4210 saltem
707 4149 749 4210 ab
785 4150 981 4212 auctoribus,
1030 4148 1095 4211 Sed
1133 4148 1279 4210 Phaedro
