3244 4868
760 357 935 423 „72-

311 553 490 635 legomenis
529 575 604 636 pag.
645 554 771 618 XLVII
810 557 979 618 contendit
1015 554 1155 618 fabulam
1191 551 1300 613 Babrii
1335 551 1377 612 ad

311 661 517 742 prouerbium
534 659 610 725 illud
627 661 926 726 Pseudo-Plutarchi
945 676 1002 743 25:
1020 664 1105 726 ἄνευ
1121 662 1252 741 πτερῶν
1267 657 1378 738 ζητεῖς

309 768 471 831 ἵπτασθαι
494 769 603 831 fictam
626 780 659 832 et
682 790 724 832 ex
748 791 788 833 eo
812 781 982 833 extensam
1004 789 1085 833 esse.
1111 770 1147 831 Id
1164 763 1274 832 tamen
1289 766 1378 829 haud

310 875 481 938 uerisimile
503 897 576 938 esse
599 897 642 939 ex
666 897 706 939 eo
730 877 822 941 facile
846 887 992 958 apparet,
1018 879 1107 958 quod
1131 875 1239 939 sabula
1259 873 1376 947 Babrii,

311 993 346 1045 ut
381 985 507 1047 monuit
543 983 674 1046 Crusius
706 985 736 1046 in
762 983 872 1047 Philol.
899 985 986 1060 LIV,
1012 1005 1043 1066 p.
1068 999 1143 1063 479,
1168 981 1379 1045 hauddubie

311 1111 384 1154 cum
409 1091 546 1152 Phaedri
569 1091 608 1166 II,
634 1094 654 1154 6
678 1102 710 1154 et
734 1090 824 1155 PIInii
848 1093 923 1154 Nat.
949 1092 1033 1156 Hist.
1059 1091 1098 1167 X,
1126 1108 1155 1170 3,
1171 1107 1187 1170 3
1203 1101 1234 1154 et
1248 1087 1379 1152 Aeliani
1486 1159 1488 1162 ¹

214 1179 243 1222 s
311 1209 376 1261 nat.
402 1219 453 1262 an.
480 1198 552 1273 VII,
582 1200 621 1261 16
644 1199 806 1262 cohaeret.
838 1199 939 1280 Apud
958 1199 1122 1262 Havetum
1139 1219 1170 1280 p.
1188 1215 1232 1276 40
1248 1197 1378 1260 inuenio

311 1307 396 1368 idem
421 1305 656 1386 argumentum
672 1308 771 1369 etiam
795 1305 867 1370 Val.
894 1307 982 1369 Max.
1009 1306 1063 1380 IX,
1094 1323 1130 1368 12
1157 1315 1221 1368 ext.
1241 1322 1258 1367 2
1276 1305 1375 1384 tangi.

311 1411 411 1493 Quod
440 1414 483 1475 ad
507 1411 724 1475 narrationem
749 1413 885 1475 Phaedri
910 1415 1034 1489 attinet,
1060 1433 1099 1475 ea
1123 1413 1253 1494 quidem
1278 1431 1376 1494 quum

311 1520 448 1582 cornicis
483 1539 623 1600 persona
657 1522 772 1584 ceteris
806 1521 1002 1584 auctoribus·
1028 1523 1142 1601 ignota
1168 1517 1378 1586 hauddubie

311 1627 353 1688 ad
378 1637 500 1690 certum
525 1627 688 1708 quendam
716 1627 975 1691 »consiliatorem
1000 1611 1199 1690 maleficum»
1220 1629 1378 1708 castIgan·

311 1735 388 1796 dum
424 1735 593 1815 pertineat,
630 1735 715 1797 adeo
750 1745 874 1798 mutata
909 1735 1090 1810 exhibetur,
1116 1744 1150 1797 ut
1174 1737 1238 1797 iam
1263 1735 1378 1797 eadem

310 1851 408 1922 atque
443 1842 551 1904 Babrii
586 1863 658 1905 esse
692 1844 831 1906 desierit.
880 1841 1004 1904 Fabula
1039 1841 1147 1904 Halm.
1186 1860 1260 1921 419,
1295 1861 1379 1924 quae

310 1949 397 2028 haud
421 1951 489 2012 scio
514 1969 555 2011 an
577 1970 666 2012 mera
681 1950 889 2032 paraphrasis
905 1949 1013 2012 Babrii
1030 1949 1158 2026 fabulae
1174 1969 1246 2012 esse
1262 1950 1377 2031 possit,

310 2055 398 2119 nullo
425 2056 541 2118 'modo
580 2056 786 2120 difficultates
825 2066 1018 2120 summouet.
1077 2057 1240 2119 Auctores
1280 2077 1376 2138 porro

310 2164 464 2227 historiae
480 2163 634 2227 naturalis
650 2185 749 2246 quum
766 2176 993 2246 argumentum
1009 2165 1051 2226 ad
1070 2175 1207 2227 mortem
1222 2163 1379 2246 Aeschyli

311 2271 506 2334 transferant
541 2282 573 2333 et
608 2273 641 2333 in
676 2273 869 2353 paradoxon
905 2273 1108 2346 mutauerint,
1145 2273 1187 2334 ad
1211 2273 1378 2334 historiam

311 2377 440 2442 fabulae
475 2377 696 2442 illustrandam
734 2379 848 2460 parum
884 2379 1001 2442 ualent.
1049 2379 1258 2461 Quamquam
1282 2380 1381 2460 igitur

311 2489 352 2550 de
388 2487 492 2549 forma
525 2489 707 2567 argumenti
731 2487 887 2568 Aesopea
911 2484 988 2549 nihil
1011 2487 1108 2550 nobis
1130 2496 1271 2550 statuere
1295 2485 1378 2561 licet,

220 2602 223 2607 '
310 2606 420 2658 tamen
455 2593 608 2656 Babrium
644 2595 719 2656 inde
754 2596 970 2657 narrationem
1006 2593 1067 2656 sibi
1090 2595 1268 2676 sumpsisse
1291 2604 1324 2656 et
1347 2596 1379 2656 in

311 2702 393 2765 libro
417 2721 476 2763 suo
502 2702 608 2782 priore
633 2703 782 2782 posuisse
806 2712 839 2764 et
862 2723 904 2763 ex
921 2721 961 2763 eo
978 2701 1196 2782 colligendum
1213 2713 1271 2776 est,
1290 2703 1378 2784 quod

311 2809 476 2871 Phaedrus
500 2807 636 2870 similem
662 2807 778 2884 attulit,
804 2818 836 2871 et
859 2829 901 2871 ex
931 2808 1113 2890 fragmento
1137 2808 1300 2889 dactylico
1323 2817 1377 2872 11.

312 2916 345 2978 A
381 2916 564 2978 rhetoribus
598 2915 661 2978 hoc
696 2927 923 2998 argumentum
947 2927 982 2980 ut
1006 2937 1118 2978 nouas·
1133 2915 1258 2980 fabulas
1282 2915 1392 2998 finge·

311 3034 390 3099 rent,
427 3043 671 3104 nonnumquam
706 3033 872 3104 sumptum
908 3043 981 3086 esse
1016 3024 1091 3086 inde
1126 3023 1255 3104 collIgn,
1292 3025 1379 3106 quod

311 3129 419 3194 Halm.
459 3130 520 3209 362
558 3132 696 3192 eandem
732 3131 797 3193 sere
832 3151 899 3193 rem
935 3140 1033 3212 atque
1060 3131 1221 3194 Babriana
1245 3129 1380 3194 illustrat

311 3237 363 3318 (cl.
389 3239 528 3300 exitum:
554 3235 742 3318 ἀλλ’ἔγωγε
766 3236 881 3301 δίκαια
904 3237 1068 3302 πέποιθα·
1092 3237 1122 3301 τί
1136 3239 1215 3318 γάρ,
1233 3237 1381 3301 ἁλιεύειν

311 3343 353 3428 μὴ
389 3343 516 3428 μαθών,
553 3343 661 3428 τούτῳ
703 3345 929 3427 ἐπεχείρουν;)
964 3357 996 3410 et
1031 3345 1141 3408 fabula
1169 3344 1277 3408 Halm.
1309 3361 1380 3425 134,

311 3471 395 3534 quae
431 3463 481 3516 est
515 3453 557 3515 de
592 3452 669 3534 lupo
693 3463 726 3516 et
749 3443 866 3529 haedo,
892 3455 933 3516 ad
958 3455 1096 3516 eandem
1121 3455 1278 3534 originem
1303 3452 1380 3516 res-

312 3561 412 3622 renda
444 3571 502 3636 est,
534 3571 569 3622 ut
603 3562 751 3622 euerbis
775 3561 839 3642 lupi
864 3571 1014 3642 apparet:
1039 3562 1147 3624 ταῦτα
1172 3560 1245 3643 ἐμοὶ
1267 3563 1382 3638 καλῶς

309 3666 447 3748 γίνεται·
486 3665 556 3730 ἔδει
589 3669 659 3748 γάρ
695 3689 744 3750 με,
781 3668 1009 3751 μακελλάριοι
1044 3665 1136 3745 diuo,
1163 3665 1311 3748 αὐλητὴν
1335 3666 1378 3751 μὴ

311 3775 490 3858 μιμεῖσθαι.

340 3873 341 3876 “
417 3882 575 3946 Fabulam
611 3883 720 3946 Babrii
760 3901 830 3958 122,
867 3904 966 3965 quum
1002 3886 1091 3964 apud
1126 3893 1274 3947 auctores
1302 3885 1380 3947 anti·

310 3992 448 4073 quiores,
477 4002 633 4073 quantum
659 3991 811 4073 equidem
836 3992 981 4053 inuenire
1005 3993 1105 4072 potui,
1130 4013 1196 4053 non
1221 4001 1378 4066 occurrat,

310 4100 503 4161 testimoniis
537 4121 579 4163 ex
616 4098 729 4161 litteris
764 4099 999 4179 antiquioribus
1027 4100 1164 4180 sumptis
1188 4098 1379 4180 Aesopeam
