3260 4882
770 431 812 444 -·-
841 409 902 462 110
925 430 968 444 -·

335 621 370 674 ut
404 611 631 675 animaduertit
665 612 839 675 Hausrath.
868 633 900 694 p.
927 627 1000 691 313,
1025 611 1110 674 hanc
1123 611 1402 675 exercitationem

336 729 411 801 post
434 729 558 782 ceteras
582 722 742 783 tractauit.
791 719 837 782 Vt
860 729 968 782 autem
992 741 1080 781 noua
1103 721 1284 782 inuenirent
1308 740 1400 800 argu-

335 837 454 904 menta,
480 827 628 909 discipuli
654 829 722 890 uias
746 828 891 890 diuersas
915 816 1039 908 ingredi
1066 838 1250 909 potuerunt.
1296 828 1401 891 Haus-
1428 887 1434 896 .

335 937 415 999 rath.
452 935 471 998 l.
505 936 568 998 l.'e
592 935 699 998 uerbis
723 935 868 998 Theonis
891 935 957 1020 (W.
982 937 1006 1010 l,
1031 939 1108 1018 pag
1138 938 1210 1016 178)
1239 933 1317 1014 »τὴν
1340 937 1403 998 toi>

337 1043 497 1123 ἐπιλόγου
522 1041 663 1125 δύναμιν
687 1043 797 1122 ἁπλῆν
818 1041 1056 1122 προτείναντες
1071 1043 1315 1126 προστάξομεν
1329 1047 1405 1121 τοίς

333 1151 426 1229 νέοις
458 1149 540 1214 νέον
564 1150 639 1213 τινὰ
662 1152 771 1233 μῦθον
793 1151 921 1214 πλάσαι
942 1153 989 1214 τά
1012 1151 1210 1230 προτεθέντι
1232 1151 1406 1234 πράγματι

334 1261 478 1322 οἰκεῖον»
507 1259 672 1324 concludit
684 1260 828 1322 rhetores
839 1261 871 1321 in
881 1261 975 1323 nouis
986 1258 1101 1322 fabulis
1111 1259 1348 1340 componendis
1358 1261 1401 1322 ex

334 1368 520 1449 epimythiis
543 1379 688 1430 ueterum
705 1366 896 1449 plerumque
911 1387 1061 1449 egressos
1077 1387 1157 1429 esse.
1189 1365 1289 1448 Quod
1301 1387 1401 1448 saepe

333 1475 454 1538 facturn
466 1493 538 1538 esse
554 1485 587 1538 et
603 1497 645 1537 ex
662 1474 777 1537 sabulis
794 1475 963 1538 Babdanis
973 1478 1011 1537 ¹et
1026 1476 1129 1550 exiis,
1143 1475 1272 1556 quaein
1286 1473 1398 1538 collec-

333 1585 422 1646 tione
447 1582 568 1646 Halmii
591 1593 732 1658 exstant,
757 1581 866 1664 colligi
890 1592 1007 1664 potest.
1049 1582 1159 1664 Quum
1184 1592 1293 1646 autem
1310 1602 1401 1664 prae·

334 1701 465 1772 ceptum
489 1690 621 1768 morale,
645 1695 734 1773 quod
759 1689 887 1753 fabulae
910 1691 1032 1766 subest,
1057 1691 1145 1752 haud
1169 1709 1242 1754 raro
1263 1691 1307 1752 ad
1329 1710 1400 1772 pro·

332 1799 480 1862 uerbium
509 1798 608 1880 uulgo
631 1778 800 1880 cognitunr
823 1801 927 1879 prope
951 1800 1106 1861 accedere
1131 1799 1234 1879 possit
1260 1797 1399 1882 [prouer-

334 1907 423 1970 bium
459 1907 544 1970 enim
580 1916 613 1968 et
637 1904 744 1968 sabula
768 1905 884 1987 quibus
908 1907 1016 1968 modis
1038 1907 1121 1968 inter
1141 1925 1178 1968 se
1202 1905 1418 1968 cohaereant.

332 2014 509 2078 luculenter
532 2013 701 2076 illustrauit
724 2013 858 2076 Crusius
879 2012 1186 2097 (Pauly-Wissowae
1209 2012 1332 2094 encycl.
1357 2013 1397 2089 ΙΙ,

335 2121 455 2206 2663)],
491 2143 534 2184 ex
569 2121 630 2184 hac
665 2123 897 2184 exercitatione
932 2123 964 2184 in
988 2131 1142 2204 promptu
1166 2137 1235 2184 erat
1258 2122 1301 2184 ad
1326 2141 1398 2184 eam

332 2230 525 2310 transgredi,
560 2238 596 2290 ut
618 2229 660 2292 ad
685 2229 858 2310 prouerbio
881 2249 988 2292 nouae
1013 2229 1142 2292 fabulae
1165 2215 1416 2312 componeren!

332 2347 392 2412 tur,
428 2357 492 2418 qua
522 2337 564 2398 de
588 2357 621 2398 re
645 2336 684 2401 cs.
712 2337 1009 2420 Rutherford.,'qui
1035 2335 1157 2419 proleg.
1185 2357 1260 2419 pag.
1286 2336 1396 2399 XLIV

331 2465 402 2526 sqq.
440 2442 557 2506 multas
593 2444 719 2506 fabulas
754 2445 932 2508 Babrianas
961 2465 985 2508 e
1010 2444 1189 2527 prouerbii's
1213 2455 1303 2508 ortas·
1325 2464 1397 2507 esse

332 2553 483 2615 ostendit.
531 2550 598 2616 Sed
634 2573 700 2614 non
735 2573 864 2634 semper
898 2573 1031 2616 necesse
1066 2563 1134 2616 erat
1169 2573 1211 2615 ex
1236 2553 1398 2616 sententia

332 2659 475 2742 generali
510 2670 545 2722 ut
575 2680 617 2721 ex
642 2658 770 2722 fabulae
793 2661 974 2741 epimythio
998 2671 1054 2723 aut
1078 2660 1251 2742 prouerbio
1275 2661 1396 2742 egredi,

331 2769 428 2831 etiarn
464 2789 506 2830 ex
541 2769 656 2852 quouis
691 2767 820 2832 fabulae
843 2767 916 2830 loco
941 2768 1085 2831 rhetores
1108 2789 1219 2832 ansam
1245 2769 1287 2831 ad
1311 2749 1399 2832 noua

331 2886 521 2958 argumenta
555 2877 749 2964 inuenienda
783 2876 845 2942 sibi
879 2895 1005 2938 sumere
1039 2877 1184 2957 potuisse
1220 2897 1261 2938 ex
1291 2875 1398 2940 uerbis

330 2983 475 3046 Theonis
498 2981 563 3068 (W.
589 2984 602 3045 l
626 3003 701 3064 pag.
732 2983 803 3067 178)
831 2984 888 3058 »ἐξ
911 2983 1060 3046 ἑκάστου
1083 2985 1150 3046 τῶν
1173 2983 1278 3066 ἐντῷ
1303 2980 1398 3065 μύθῳ

330 3091 535 3173 πραγμάτων
569 3090 631 3170 τὰς
666 3089 828 3173 ἀφορμάς
862 3091 956 3173 ἡμῶν
982 3089 1242 3177 λαμβανόντων»
1271 3089 1397 3152 conclu-

330 3199 474 3261 dendum
517 3209 575 3261 est.
619 3199 771 3260 Babrium
813 3208 881 3261 turn
921 3200 1082 3291 sententia
1116 3198 1258 3280 generali
1293 3209 1349 3260 aut
1379 3218 1397 3260 e

331 3306 504 3386 prouerbio
539 3316 595 3368 aut
629 3327 671 3368 ex
706 3307 886 3388 epimythio
923 3305 1051 3370 fabulae
1088 3308 1199 3387 petita,
1224 3316 1292 3368 turn
1316 3323 1398 3368 ansa

330 3434 371 3476 ex
415 3413 488 3476 loco
531 3414 678 3496 quolibet
717 3413 845 3477 fabulae
884 3415 1002 3477 ueteris
1041 3414 1171 3496 sumpta
1210 3434 1297 3476 noua
1334 3414 1396 3476 sibi

330 3515 495 3602 parauisse
529 3534 721 3604 argumenta
755 3523 834 3585 satis
869 3522 1047 3585 ostendunt
1082 3522 1177 3585 Babr.
1213 3527 1244 3597 6,
1282 3537 1311 3602 7,
1347 3537 1395 3601 13,

330 3646 382 3706 44,
421 3643 474 3708 45,
516 3645 566 3711 73,
606 3648 659 3710 91,
701 3646 771 3706 101,
812 3646 881 3707 104,
923 3645 993 3705 120,
1030 3631 1072 3692 de
1105 3631 1223 3711 quibus
1258 3628 1397 3710 amplius

329 3737 418 3800 inlra.
466 3739 527 3801 His
562 3739 714 3802 omnibus
749 3737 846 3800 rebus
881 3748 1047 3800 commoto
1084 3738 1161 3800 mihi
1186 3759 1252 3801 non
1275 3737 1395 3800 suflicit

328 3865 403 3907 curn·
437 3845 551 3908 Crusio
586 3856 727 3910 statuere
762 3845 932 3908 Theonem
968 3853 1000 3907 et
1036 3845 1188 3908 Babrium
1212 3866 1255 3908 ex
1279 3846 1394 3908 eadem

328 3953 551 4036 exemplorum
575 3952 767 4017 collectione
791 3955 944 4034 pendere,
968 3955 1027 4016 sed
1051 3955 1122 4035 ipsa
1144 3953 1289 4016 Theonis
1306 3971 1395 4034 prae·

328 4072 425 4143 cepta
463 4063 540 4144 quin
580 4072 635 4124 aut
673 4081 715 4124 ex
754 4063 883 4143 scriptis
918 4062 1019 4143 ipsius
1055 4071 1111 4124 aut
1134 4072 1302 4126 auctorum
1327 4063 1396 4124 eius

329 4165 448 4233 Babrio
473 4171 606 4252 cognita
630 4169 745 4233 luerint
769 4171 917 4233 dubitare
941 4191 1006 4232 non
1030 4191 1175 4252 possum.
