3260 4882
669 410 865 473 ..137-

233 613 358 674 mentio
380 611 423 685 fit,
442 631 508 672 non
525 610 640 671 dubito
657 610 733 691 quin
751 609 821 690 ipse
838 607 1003 670 Phaedrus
1020 617 1142 668 sectam
1159 604 1300 687 aliquam

234 719 397 782 rhetorum
432 728 563 781 secutus
598 717 684 779 dicta
711 714 764 778 illa
788 715 1030 796 inuestigauerit
1054 703 1151 776 et'ad
1176 713 1302 776 fabulas
1326 769 1330 776 .

233 825 518 898 transformauerit.
567 824 601 888 Si
626 832 916 908 progymnasmata
940 821 1085 884 Theonis
1109 819 1300 903 peruolueri·

233 953 314 1008 mus,
353 953 395 995 oe
433 933 517 995 hanc
557 931 688 1013 quidem
728 940 994 1011 argumentorum
1034 929 1300 1016 irruerriendorum

233 1042 401 1115 rationem,
438 1057 636 1121 quamquam
672 1039 779 1120 capite
814 1037 843 1099 II
867 1039 999 1100 ineunte
1028 1035 1093 1120 (W.
1113 1033 1132 1100 ‘1
1156 1057 1188 1118 p.
1219 1034 1300 1120 158),

233 1147 289 1210 ubi
314 1148 475 1230 praecipit
499 1157 534 1208 ut
558 1147 702 1227 magistri
727 1145 897 1208 iuuenibus
920 1142 1073 1225 exempla
1089 1165 1130 1206 ex
1149 1143 1303 1236 operibus

234 1257 440 1336 antiquorum
476 1263 608 1335 sumpta
641 1264 838 1334 proponant,
875 1272 946 1314 eam
977 1253 1159 1331 respexisse
1183 1261 1302 1333 potest,

235 1383 254 1425 a
283 1373 495 1443 praeceptore
519 1359 573 1424 illo
597 1360 705 1424 uerbis
728 1361 848 1441 apertis
871 1361 1136 1422 commendatam
1160 1359 1303 1422 inuenire

234 1469 352 1534 licebit.
401 1469 446 1531 Vt
470 1479 580 1531 autern
604 1467 740 1530 Babrius
764 1488 783 1528 a
807 1467 944 1530 Theone
968 1487 1034 1528 non
1058 1467 1207 1547 proxime
1228 1485 1303 1547 pen-

235 1579 315 1640 dens
348 1576 521 1658 prouerbia
555 1577 587 1639 in
621 1596 714 1638 usum
750 1576 918 1649 conuertit,
955 1576 1000 1638 ita
1032 1573 1129 1636 etiam
1154 1594 1227 1637 eum
1251 1572 1303 1636 uel

235 1685 344 1765 potius
378 1694 501 1746 sectam
537 1685 607 1749 eius
642 1684 729 1745 dicta
758 1681 928 1764 popularia
951 1693 985 1744 et
1008 1681 1194 1756 sententias,
1219 1701 1305 1763 quae

236 1793 306 1871 ipsa
341 1801 456 1852 natura
479 1790 522 1853 ad
547 1789 718 1872 prouerbia
743 1791 893 1872 proxime
916 1790 1085 1864 accedunt,
1111 1791 1154 1851 ad
1178 1787 1304 1852 tabutas

235 1897 483 1978 componendas
517 1897 577 1960 sibi
613 1899 790 1980 sumpsisse
825 1918 843 1959 e
873 1897 1001 1978 scriptis
1025 1896 1133 1972 Babrii
1156 1904 1303 1977 apparet.

235 2005 271 2066 In
298 2003 380 2067 libro
405 2004 567 2067 Babriano
584 2005 627 2066 ad
643 2003 723 2067 tales
739 2006 916 2067 sententias
933 2004 1118 2067 referendas
1134 2023 1206 2066 esse
1222 2003 1304 2066 duas

237 2111 361 2175 sabulos
395 2129 436 2191 34
472 2111 523 2195 (cs.
560 2111 654 2174 Babr.
691 2123 753 2174 aet.
779 2132 854 2193 pag.
882 2114 959 2192 207)
983 2123 1016 2174 et
1042 2125 1079 2191 53
1106 2111 1213 2192 (Babr.
1239 2121 1302 2174 aet.

236 2238 311 2300 pag.
351 2221 428 2296 208)
465 2219 544 2281 uidit
579 2218 722 2295 Crusius‚
759 2240 856 2282 unam
884 2232 919 2298 51
947 2219 1001 2300 (cl.
1026 2229 1202 2282 comment.
1227 2237 1302 2300 pag.

240 2328 292 2405 56)
327 2325 584 2400 Rutherlordius‚
610 2345 707 2407 quam
733 2326 776 2388 ob
802 2347 869 2388 rem
893 2327 952 2388 has
976 2346 1108 2407 quoque
1131 2326 1214 2388 sicut
1238 2345 1303 2400 eas
1402 2321 1405 2329 ’

237 2453 320 2514 quae
344 2435 407 2495 iam
432 2453 530 2514 supra
553 2442 712 2496 tractatae
735 2443 820 2509 sunt,
845 2436 887 2496 ad
911 2432 1114 2515 disciplinam
1140 2414 1319 2496 rhetorum*

238 2541 398 2620 pertinere
432 2550 465 2602 et
500 2541 532 2602 in
561 2539 643 2603 libro
667 2541 774 2604 Babrii
799 2543 979 2621 posteriore
1002 2541 1216 2622 reponendas
1234 2559 1305 2602 esse

237 2648 446 2710 statuendum
470 2659 528 2711 est.
