3244 4868
782 392 959 460 -,4..

334 595 567 675 expositiones
604 612 738 654 necesse
772 604 823 654 est
858 613 978 674 negare
1001 591 1144 656 fabulam
1170 593 1264 655 Babr.
1291 593 1331 655 82
1357 595 1399 656 ad

335 701 457 764 iontem
492 701 685 781 Aesopeum
723 701 901 781 pertinere:
934 717 1134 782 quamquam
1164 720 1213 776 ea,
1239 719 1324 782 quae
1347 699 1399 763 leo

333 811 366 870 in
401 809 465 870 fine
491 807 621 870 'fabulae
644 807 733 888 uulpi
758 789 794 870 se
818 809 961 870 irridenti
987 808 1173 889 respondet,
1199 807 1399 890 aliquantum

334 917 377 978 de
411 915 700 996 apophthegmatis
735 915 796 978 illis
825 926 858 979 et
881 917 961 978 iocis
984 914 1037 978 uel
1060 917 1102 978 de
1126 915 1317 997 Sybariticis
1340 914 1400 978 illis

233 1059 238 1069 ι
328 1024 438 1098 dictis,
472 1042 556 1104 quae
580 1043 599 1085 a
623 1022 754 1103 mythiS,
778 1025 833 1104 qui
857 1024 1016 1098 dicuntur,
1042 1023 1207 1105 Aesopeis
1230 1022 1403 1104 diligenter.

334 1129 533 1193 secernenda
568 1149 639 1192 esse
674 1140 869 1192 monuerunt
903 1131 962 1192 uiri
997 1130 1095 1206 docti,
1120 1131 1230 1192 testari
1245 1129 1334 1192 'mihi
1357 1131 1399 1191 ui·

335 1240 465 1302 dentur:
508 1236 574 1301 Sed
610 1250 720 1300 tamen
755 1259 819 1299 non
851 1257 985 1300 necesse
1010 1246 1058 1299 est
1082 1247 1223 1300 statuere
1248 1237 1403 1300 Babrium'

334 1346 417 1409 duas
451 1367 493 1408 ex
525 1365 589 1408 una
613 1345 770 1426 Aesopea
794 1344 921 1408 fabulas
945 1345 1069 1407 secisse.
1117 1343 1153 1407 Si
1176 1346 1262 1406 enim
1286 1365 1399 1407 conce·

336 1454 442 1516 dimus
478 1453 630 1515 Babrium
668 1452 810 1516 fabulam
844 1453 1036 1534 Aesopeam
1072 1453 1116 1514 ita
1144 1453 1342 1527 extendisse,
1366 1463 1400 1516 ut

335 1561 518 1624 narratione
553 1559 616 1636 illa,
653 1581 751 1642 quam
776 1559 876 1622 habet
899 1561 941 1622 de
964 1559 1062 1640 uulpe
1086 1558 1213 1622 leonem
1237 1560 1398 1635 irridente,

334 1668 447 1730 addita
481 1668 638 1748 deinceps
668 1667 797 1730 fabulae
826 1682 884 1746 107
910 1668 1050 1729 narratio
1074 1667 1236 1729 continuo
1253 1685 1399 1748 sequere·

334 1785 395 1850 tur,
420 1774 514 1836 facile
538 1774 605 1836 fieri
630 1777 737 1856 potuit
762 1786 795 1836 ut
819 1773 947 1849 librarii,
972 1777 1038 1855 qua
1062 1784 1154 1836 erant
1166 1774 1288 1836 incuria
1300 1785 1399 1836 trans·

334 1883 504 1970 scribendi,
530 1880 647 1944 sabulis
671 1881 840 1943 Babrianis
863 1882 1041 1943 secundum
1067 1880 1276 1962 alphabetum
1293 1882 1400 1962 dispo·

335 1991 405 2054 sitis
440 1991 659 2054 narrationem
693 1988 835 2070 longam,
861 2008 946 2070 quae
969 2000 1037 2051 erat
1061 1990 1103 2051 de
1126 1987 1221 2051 leone
1244 1998 1277 2050 et
1301 2009 1399 2064 mure,

336 2099 368 2161 in
393 2100 475 2186 duas
498 2097 688 2160 diuiderent.
736 2096 803 2160 Sed
826 2105 898 2158 utut
920 2107 979 2171 est,
1004 2117 1046 2159 ex
1071 2097 1118 2171 iis,
1143 2117 1227 2179 quae
1251 2097 1314 2158 iam
1338 2096 1400 2157 dis-

336 2207 457 2288 putaui,
501 2224 658 2286 apparere
692 2205 791 2266 credo
826 2204 1007 2267 Phaedrum
1042 2204 1179 2268 sormam
1212 2205 1400 2285 Aesopeam

335 2312 464 2376 fabulae
500 2321 649 2375 accurate
683 2312 874 2374 reddidisse.
923 2313 993 2374 Has
1017 2313 1114 2394 igitur
1136 2332 1252 2375 omnes
1276 2310 1401 2374 tabulas

335 2421 521 2496 Babrianas‚
547 2440 632 2502 quae
656 2419 897 2500 paraphraseon
922 2419 1194 2482 Phaedrianarum
1214 2419 1401 2482 testimonio

335 2549 354 2590 a
379 2529 538 2610 principio
561 2529 659 2589 etiam
684 2528 716 2588 in
741 2525 849 2589 libello
873 2527 1010 2590 Phaedri
1033 2529 1225 2602 exstiterint,
1243 2547 1319 2589 uere
1335 2527 1402 2590 Ae-

335 2655 454 2718 sopeas
477 2655 549 2697 esse
573 2655 633 2716 pro
658 2643 747 2697 certo
771 2635 969 2696 contendere
992 2635 1088 2697 nobis
1111 2633 1195 2698 licet.

442 2743 494 2804 Ex
529 2743 577 2818 iis,
614 2761 699 2822 quae
734 2741 840 2804 adhuc
869 2743 1043 2823 disputaui‚
1069 2743 1102 2804 id
1126 2742 1225 2804 credo
1249 2742 1400 2805 effectum

335 2871 416 2925 esse,
453 2859 489 2912 ut
524 2849 642 2912 sabulis
665 2849 876 2911 Phaedrianis
901 2858 933 2911 et
957 2849 1126 2912 Babrianis
1150 2851 1233 2912 inter
1250 2869 1292 2912 se
1316 2869 1400 2914 com·

335 2959 457 3039 paratis
491 2958 533 3019 ad
570 2956 692 3018 sontem
727 2958 894 3038 utriusque
929 2957 1072 3020 auctoris
1107 2956 1310 3038 Aesopeum‚
1335 2977 1400 3039 quo

335 3065 582 3127 fundamentum
622 3064 791 3145 quoddam
827 3065 1070 3146 antiquissimae
1103 3065 1220 3127 aetatis
1255 3066 1400 3127 omnium

335 3171 564 3236 collectionum
599 3172 825 3253 Aesopearum
851 3193 1025 3235 commune
1050 3172 1286 3248 continebatur,
1312 3172 1407 3240 subu.

335 3280 385 3344 lae
410 3299 545 3342 numero
572 3296 612 3358 32
637 3279 837 3342 referrentur.
878 3279 944 3344 Sed
969 3279 1096 3343 fabulas
1120 3289 1313 3362 argumenta
1337 3281 1401 3342 Ae·

335 3409 437 3471 sopea
473 3386 677 3469 proferentes
709 3388 741 3449 in
765 3385 847 3450 libro
871 3389 978 3469 priore
1002 3388 1111 3450 Babrii
1135 3408 1251 3450 omnes
1275 3409 1294 3450 a
1317 3390 1401 3470 prin·

335 3499 421 3579 cipio
445 3494 546 3558 lectas
570 3513 651 3558 esse.
665 3505 698 3557 et
720 3496 751 3557 in
776 3516 817 3557 eo
840 3516 948 3558 rursus
972 3498 1179 3577 reponendas
1195 3517 1214 3558 a
1231 3496 1400 3577 prooemio

335 3605 349 3666 I
373 3603 481 3685 colligi
506 3624 604 3685 posse
628 3602 759 3666 Crusius
783 3605 814 3665 in
832 3603 1090 3686 encyclopaedia
1105 3585 1402 3684 Pauly-Wissowae

334 3711 364 3774 II
390 3712 475 3791 2658
500 3731 571 3793 sqq.
596 3711 736 3774 breuiter
759 3713 884 3774 monuit
908 3721 940 3774 et
964 3732 1006 3774 ex
1030 3713 1077 3786 iis,
1102 3731 1186 3793 quae
1201 3731 1299 3792 supra
1316 3712 1403 3775 dicta

335 3829 419 3895 sunt,
456 3839 614 3901 apparere
642 3821 750 3882 credo.
798 3818 894 3901 Quae
917 3839 1018 3900 quum
1042 3820 1087 3881 ita
1111 3820 1184 3894 sint,
1210 3819 1272 3882 hae
1295 3820 1402 3900 impri-

335 3929 396 3990 mis
430 3925 559 3991 fabulae
591 3927 633 3990 ad
669 3926 784 3991 librum
821 3928 960 4008 priorem
995 3928 1156 4007 pertinere
1179 3928 1344 3990 uidentur:
1372 3944 1400 4006 3,

340 4050 387 4115 17,
418 4053 465 4116 19,
493 4052 544 4111 22,
571 4052 622 4113 24,
650 4050 702 4116 25,
729 4051 779 4116 27,
807 4037 858 4112 28,
885 4051 936 4113 29,
964 4052 1015 4114 31·
1043 4037 1093 4114 38,
1119 4051 1172 4114 43,
1201 4047 1250 4113 50,
1276 4035 1328 4109 66,
1347 4035 1399 4113 67,

336 4159 388 4225 77,
422 4158 473 4225 77,
500 4145 551 4224 78,
578 4157 629 4223 79,
655 4145 707 4220 87,
733 4146 785 4222 84,
811 4145 863 4222 89,
889 4158 942 4222 93,
967 4159 1020 4222 94,
1045 4159 1098 4223 99,
1129 4157 1199 4217 102,
1229 4157 1300 4223 Ι93,
1330 4157 1400 4223 Ι97,
