3244 4868
776 378 954 460 ...48-

438 591 536 676 Quod
573 596 687 657 attinet
722 597 763 656 ad
800 595 951 670 fabulam,
988 615 1072 676 quae
1101 595 1190 676 apud
1216 549 1395 658 Phaedrum

330 703 372 764 de
406 701 544 765 mustela
579 712 610 764 et
646 723 744 776 mure,
780 703 866 783 apud
882 717 883 722 ’
899 702 1052 764 Babrium
1076 702 1119 764 de
1142 701 1203 765 Icle
1227 715 1259 765 et
1282 703 1420 766 auibus¹

330 808 484 884 narratur,
512 809 609 871 etiam
635 829 706 872 eam
730 830 751 871 a
774 809 893 872 Babrio
916 809 1096 872 admodum
1120 821 1270 873 accurate
1293 831 1312 872 e
1335 809 1397 892 syl·

329 917 404 1000 loge
439 917 595 998 Aesopea
630 919 789 979 redditam
823 932 909 980 esse·
925 937 963 980 ea
986 939 1028 979 ex
1052 937 1087 980 re
1111 917 1280 994 concludo,
1305 919 1396 1000 quod

331 1025 438 1087 Halm.
468 1039 503 1104 15
531 1023 639 1086 sabula
662 1034 780 1100 exstat,
805 1045 889 1106 quae
912 1027 944 1087 in
961 1026 1111 1088 omnibus
1129 1025 1193 1087 sere
1210 1026 1306 1088 rebus
1323 1045 1396 1088 cum

329 1133 490 1195 Babriana
524 1133 674 1213 congruit
708 1153 747 1195 ea
781 1132 851 1194 sola
886 1143 1037 1213 excepta,
1073 1135 1163 1214 quod
1188 1153 1258 1214 -pro
1282 1133 1397 1196 auibus

329 1260 436 1302 mures
460 1240 716 1303 introducuntur.
764 1239 905 1302 Accedit
928 1242 1018 1321 quod
1042 1250 1174 1302 auctore
1199 1239 1314 1303 Crusio
1331 1239 1393 1323 (ed.

331 1367 406 1429 pag.
433 1350 487 1426 22)
511 1348 598 1428 apud
617 1346 826 1428 Apostolium
844 1347 964 1422 XVIII,
982 1348 1021 1410 61
1041 1347 1156 1410 eadem
1174 1347 1239 1410 sere
1255 1348 1396 1410 narratio

330 1455 510 1518 exhibetur.
558 1455 620 1516 His
643 1456 722 1517 satis
746 1454 885 1517 dilucide
908 1455 987 1517 mihi
1002 1455 1130 1518 uidetur
1145 1454 1395 1536 comprobatum

330 1583 401 1624 esse
436 1561 578 1624 fabulam
613 1562 670 1637 lv,
709 1579 737 1638 2,
774 1583 858 1644 quae
891 1573 940 1624 est
970 1563 1012 1624 de
1035 1561 1173 1625 mustela
1196 1573 1229 1624 et
1252 1581 1396 1641 mure‚a

330 1670 476 1732 Phaedro
511 1679 697 1751 corruptam
729 1689 808 1732 esse.
857 1669 970 1750 Atque
993 1689 1027 1731 re
1050 1690 1127 1732 uera
1150 1671 1178 1732 si
1201 1689 1273 1732 eam
1298 1668 1395 1750 paulo
1511 1707 1516 1714 ·

330 1777 513 1858 diligentius
552 1778 823 1858 perspexerimus
864 1777 1035 1857 apparebit
1069 1776 1251 1838 Phaedrum
1286 1777 1394 1839 studio

329 1896 362 1947 et
396 1886 462 1946 Irae
496 1885 559 1946 hoc
593 1884 667 1946 loco
701 1905 737 1946 se
775 1885 914 1947 dedisse.
962 1885 995 1946 A
1019 1886 1095 1946 uiris
1118 1886 1225 1947 doctis
1248 1885 1396 1947 diuersae

329 1991 371 2054 de
410 1990 519 2054 sabula
558 1991 762 2074 proferuntur
800 1993 989 2054 sententiae.
1038 1991 1196 2072 GuyetuS,
1236 2003 1271 2055 ut
1306 1993 1396 2073 apud

329 2099 547 2162 Burmannum
583 2119 658 2180 pag.
697 2115 759 2162 212
796 2101 936 2175 inueni0,
962 2100 1127 2162 Tiberium
1152 2099 1286 2180 Capreis
1310 2120 1394 2162 com·

328 2215 510 2268 morantem
537 2205 694 2287 intelligit.
743 2205 860 2268 Melius
883 2207 1086 2269 Burmannus
1110 2207 1180 2287 ipse
1204 2207 1247 2268 de
1266 2205 1393 2287 »explo-

329 2323 434 2376 ratore
460 2316 603 2394 quodam
627 2323 660 2374 et
683 2315 850 2376 emissario
874 2314 996 2376 Tiberii
1022 2314 1071 2376 uel
1096 2313 1214 2389 Seiani,
1240 2315 1296 2394 qui
1319 2333 1392 2394 neg-

327 2419 463 2501 ligenter
486 2432 518 2483 et
542 2422 633 2502 quasi
657 2420 734 2508 nihil
754 2420 830 2484 mali
846 2421 984 2483 moliens
999 2442 1134 2484 uersans
1151 2422 1277 2484 Romae
1293 2412 1393 2483 exitio

257 2539 261 2546 '
329 2527 437 2590 multis
461 2529 597 2590 incautis
620 2539 738 2604 esset»,
764 2521 929 2611 cogitauit.
977 2529 1014 2590 Id
1039 2549 1179 2610 quoque·
1195 2531 1392 2591 monendum

328 2646 377 2698 est
412 2635 554 2707 fabulam
591 2637 726 2699 Phaedri
750 2637 780 2698 in
806 2635 887 2698 libro
911 2646 1027 2718 quarto
1052 2635 1157 2698 locum
1183 2636 1312 2711 habere,
1337 2637 1393 2698 ubi

328 2745 391 2805 iam
427 2745 457 2805 in
495 2745 694 2824 argumentis
729 2744 891 2825 Aesopeis
922 2743 1020 2805 latine
1043 2743 1272 2806 transferendis
1295 2741 1393 2824 negli-

327 2852 457 2931 gentius
487 2850 685 2912 uersabatur.
734 2851 884 2913 Ceterum
908 2851 988 2912 haec
1012 2850 1082 2912 sola
1105 2851 1233 2912 uidetur
1255 2870 1327 2912 esse
1350 2849 1393 2912 la·

327 2957 403 3019 bula
426 2968 458 3019 et
482 2957 589 3019 Babrii
613 2967 644 3020 et
668 2957 804 3019 Phaedri
828 2958 1020 3032 communis,
1046 2977 1129 3038 quae
1146 2957 1392 3019 adnumeranda
1506 3005 1515 3014 „
1606 2953 1607 2962 ’

327 3074 376 3127 est
410 3066 504 3126 tertio
540 3063 581 3126 illi
617 3067 727 3146 generi
763 3065 941 3130 fabularum
977 3065 1214 3145 Aesopearum‚
1251 3085 1317 3147 quo
1341 3084 1392 3126 res

327 3159 503 3234 mirabiles¹
523 3193 564 3234 ex
599 3174 666 3234 uita
695 3171 880 3235 animalium
905 3182 1054 3251 sumptae
1079 3173 1301 3252 prodigiorum
1326 3171 1392 3233 sere

327 3278 399 3341 loco
423 3279 636 3360 proferuntur.

433 3386 506 3448 Hae
541 3407 656 3449 omnes
691 3386 828 3462 fabulae,
865 3388 896 3448 in
932 3387 1049 3468 quibus
1083 3386 1260 3449 tractandis
1285 3387 1391 3448 adhuc

325 3495 442 3556 uersati
467 3513 588 3570 sumuS,
614 3495 712 3556 hodie
738 3514 867 3575 qnoque
891 3495 923 3555 in
947 3494 1114 3556 codicibus
1136 3493 1343 3556 Phaedrianis
1359 3504 1391 3556 et

325 3600 494 3664 Babrianis
529 3612 669 3676 exstant,
699 3601 815 3682 quibus
839 3602 917 3663 satis
934 3602 1110 3682 disquisitis
1125 3603 1167 3663 ad
1184 3619 1389 3664 communem

326 3710 489 3789 quandam
514 3709 649 3771 fontium
674 3709 832 3788 originem
856 3708 986 3770 trahunt
1010 3709 1145 3770 Babrius
1166 3718 1199 3770 et
1215 3707 1388 3770 Phaedrus

325 3815 391 3879 Sed
415 3837 481 3879 non
505 3817 640 3878 dubium
665 3826 716 3878 est
739 3816 825 3897 quln,
848 3817 875 3877 si
892 3816 1022 3877 codices
1040 3814 1219 3878 fabularum
1236 3815 1388 3878 librorum

325 3923 431 3986 Babrii
467 3934 499 3986 et
534 3923 671 3985 Phaedri
707 3924 823 4004 integri
858 3933 1033 3996 exstarent,
1064 3922 1165 3985 multo
1190 3922 1297 4004 plures
1321 3923 1390 3985 eius

324 4032 452 4112 generis
476 4029 605 4092 fabulae
628 4029 818 4110 legerentur.
866 4028 1073 4111 Quamquam
1097 4041 1206 4092 autem
1223 4031 1328 4094 manci
1346 4031 1388 4092 ad

253 4133 256 4152 ³
325 4160 385 4200 nos
421 4149 646 4219 peruenerunt,
683 4149 791 4199 tamen
829 4138 915 4199 haud
952 4157 1075 4216 paucae
1105 4148 1226 4200 restant
1251 4121 1387 4211 fabulae,
