3244 4868
221 1022 385 1136 Quibus
420 1023 651 1098 rationibus
692 1023 882 1120 indagari
917 1022 1050 1122 possit
1086 1013 1194 1118 quae
1222 1024 1282 1097 fa-

274 1147 398 1223 bulae
434 1149 487 1222 ad
516 1149 676 1222 fontem
705 1149 949 1244 Aesopeum
979 1157 1020 1222 et
1048 1147 1231 1246 priorem

453 1273 596 1347 Babrii
625 1273 778 1348 librum
806 1273 1052 1372 pertineant.

331 1453 422 1535 Quas
455 1445 582 1516 vfabulas
618 1456 705 1535 prior
739 1453 846 1515 Rabrii
874 1439 962 1515 ¹liber
996 1453 1168 1534 amplexus
1191 1455 1233 1515 sit
1259 1455 1286 1515 si

219 1549 420 1635 definiemus
456 1561 594 1642 primum
630 1562 785 1636 omnium,
821 1562 931 1642 quoad
965 1561 1034 1623 eius
1069 1557 1284 1642 fieri'potest,

220 1687 353 1731 necesse
387 1669 446 1732 erit
481 1661 649 1749 exquirere
678 1689 761 1750 quae
784 1667 994 1730 collectiones
1018 1687 1115 1749 prosa
1138 1669 1286 1730 oratione

220 1775 359 1856 scriptae
394 1777 427 1837 in
450 1775 600 1838 manibus
622 1775 790 1838 hominurn
814 1763 1020 1857 antiquorum
1045 1774 1170 1838 suerint.
1218 1775 1286 1837 Iam

225 1885 257 1944 in
292 1882 493 1964 praefatione
528 1873 638 1946 monui
674 1883 906 1946 Hausrathium
942 1883 975 1944 in
1009 1883 1286 1945 commentatione

224 1991 302 2052 »das
346 1989 493 2052 Problem
537 1990 594 2052 der
628 1991 857 2072 Aesopischen
898 1989 1017 2054 Fabel»
1056 1989 1150 2074 (neue
1176 1990 1285 2070 Jahrb.
1313 2047 1315 2052 .

225 2099 317 2175 1898,
359 2115 369 2159 1
410 2117 485 2178 pag.
513 2098 577 2177 306
607 2096 692 2182 sqq.)
715 2098 991 2179 disputationibus
1014 2096 1146 2173 Kellen,
1171 2095 1284 2172 Crusii,

220 2204 354 2268 aliorum
379 2207 486 2267 uisum
512 2205 695 2268 ostendisse
718 2205 786 2267 duo
811 2207 1014 2286 potissimum
1037 2223 1159 2285 genera
1174 2203 1286 2266 collec-

220 2313 344 2374 tionuni
380 2311 569 2387 fabularum,
606 2311 740 2374 alterum
774 2311 933 2394 populare
968 2313 1029 2391 ipsi
1064 2310 1188 2392 populo
1212 2331 1286 2373 con-

220 2421 385 2502 scriptum,
414 2419 549 2482 alterum
574 2419 723 2482 ludorum
748 2421 818 2481 usui
842 2421 1127 2482 accommodatum
1152 2421 1183 2480 in
1209 2420 1285 2480 anti·

219 2527 343 2608 quitate
366 2526 614 2607 percrebruisse.
655 2526 765 2608 Quum
789 2535 896 2588 autem
922 2526 1067 2588 rhetores
1091 2527 1287 2588 recentiores

221 2625 417 2715 praesertim
444 2635 540 2696 etiam
565 2654 621 2696 eas
645 2633 780 2708 fabulae,
805 2653 887 2715 quas
910 2634 997 2695 haud
1022 2634 1121 2695 dubie
1144 2644 1200 2695 aut
1224 2633 1283 2713 ipsi

220 2739 1285 2822 finxerunta'utaliundehauserunt,adAesopunrrettulerint,haud

221 2847 360 2911 sacilefit
370 2849 504 2911 definire
518 2859 623 2911 utrum
637 2846 746 2911 fabula
758 2850 920 2928 quaedam
934 2869 1010 2910 uera
1023 2849 1064 2909 sit
1076 2847 1233 2927 Aesopea
1245 2868 1286 2909 an

220 2978 240 3018 a
253 2956 435 3018 rhetoribus
448 2955 529 3018 salso
539 2955 666 3037 Aesopi
674 2956 806 3018 nomine
813 2954 949 3037 prolata.
975 2956 1030 3017 Ad
1039 2959 1112 3017 eam
1121 2953 1287 3016 difficulta-

220 3076 286 3126 tem
325 3065 519 3127 uineendam
555 3065 777 3146 adiumentum
813 3063 900 3125 haud
936 3063 1155 3142 spernendum
1192 3041 1287 3123 nobis

221 3171 437 3233 Hausrathius
472 3172 615 3252 praebet,
652 3155 750 3253 quum
787 3175 875 3252 (pag.
902 3149 1287 3250 308—3091.l.)testi·

221 3281 337 3340 moniis
370 3280 563 3359 scriptorum
593 3281 811 3360 antiquiorum
836 3287 871 3340 ut
895 3277 1137 3358 Aristophanis
1162 3275 1286 3338 Aristo-

220 3385 292 3447 telis
326 3387 416 3448 nisus
450 3397 641 3467 argumenta
677 3385 857 3447 fabularum
894 3385 1188 3466 antiquissimarum
1213 3403 1287 3444 exa-

220 3493 355 3556 minauit
398 3504 430 3556 et
469 3513 588 3573 genera
627 3511 738 3554 eorum
779 3503 867 3554 certa
906 3493 1067 3573 quaedam
1108 3491 1286 3553 constituit.

221 3601 359 3664 Primum
396 3600 508 3664 litteris
532 3588 704 3664 mandatas
727 3619 799 3661 esse
822 3601 901 3662 dicit
926 3597 1050 3661 fabulas
1074 3619 1139 3670 eas,
1166 3600 1197 3660 in
1221 3599 1287 3679 qui·

220 3709 281 3771 bus
304 3707 456 3771 animalia
479 3709 640 3790 quaedam
665 3720 752 3770 certa
776 3719 808 3769 et
833 3706 931 3788 uulgo
955 3708 1088 3787 cognita
1112 3717 1147 3768 ut
1164 3705 1286 3786 uulpes,

223 3815 283 3892 leo,
320 3817 418 3890 canis,
443 3806 561 3890 asinus,
586 3815 681 3896 lupus
705 3816 931 3878 inducerentur
954 3835 994 3875 eo
1019 3815 1150 3895 quidem
1175 3815 1285 3887 modo,

222 3933 257 3984 ut
291 3943 333 3985 ex
370 3911 477 3985 uerbis
507 3943 617 3984 eorum
655 3931 864 4004 praeceptum
901 3923 1067 4003 quoddam
1100 3919 1222 3982 morale
1245 3921 1287 3981 ad

221 4022 321 4094 uitam
352 4030 576 4110 quotidianam
601 4031 765 4110 pertinens
788 4031 854 4092 erui
879 4039 1006 4110 posset;
1032 4028 1149 4110 quibus
1173 4025 1289 4088 fabulis

221 4139 357 4222 primam
382 4127 530 4222 syllogen
549 4136 739 4223 Aesopeam
757 4137 973 4223 compositam
991 4155 1071 4201 esse.
1113 4135 1174 4198 His
1192 4133 1288 4219 paulo
