3260 4882
708 381 944 462 286-

318 617 488 680 contendit
523 617 564 678 ad
601 633 768 678 numerum
805 613 1030 696 primigenium
1068 613 1257 690 fabularum,
1290 637 1385 697 quem

318 725 470 788 omnibus
508 723 572 786 fere
597 721 843 786 collectionibus
867 720 1032 804 Aesopeis
1056 741 1263 785 communem
1289 723 1387 786 luisse

318 851 415 913 supra
454 830 628 912 probatum
668 839 726 904 est,
752 830 891 910 primum
916 830 1093 892 accessisse
1118 831 1318 892 narrationes
1341 831 1383 894 ad

317 939 416 1001 uitam
441 935 625 1000 animalium
651 947 683 998 et
708 935 890 1018 plantarum
916 937 1114 1018 pertinentes
1137 957 1179 998 ex
1204 938 1385 1019 paradoxo·

317 1045 451 1128 graphis
490 1044 679 1126 plerumque
717 1053 876 1125 sumptas.
923 1043 1088 1106 Phaedrus
1127 1064 1225 1125 quum
1266 1045 1298 1106 in
1336 1045 1386 1108 his

317 1152 395 1216 solis
430 1153 629 1233 argumentis
665 1152 760 1213 risum
797 1151 1003 1214 mouentibus
1026 1152 1206 1214 tractandis
1229 1162 1384 1228 uersetur‚

317 1261 405 1322 haud
440 1259 538 1321 dubie
573 1257 715 1321 declarat
739 1279 774 1320 se
797 1257 914 1322 librum
940 1257 1132 1340 Aesopeum
1157 1261 1384 1342 antiquiorem,

316 1389 382 1449 quo
418 1366 494 1428 talia
529 1364 599 1434 sola
623 1375 814 1447 argumenta
838 1366 880 1428 ad
905 1367 1002 1430 risum
1026 1368 1221 1447 pertinentia
1245 1369 1385 1450 contine·

302 1475 443 1549 bantur,
483 1476 514 1536 in
556 1493 648 1535 usum
687 1475 895 1537 conuertisse.
944 1473 1080 1537 Babrius
1120 1495 1219 1556 quum
1256 1474 1385 1538 duobus

318 1567 405 1644 certe
440 1581 577 1643 saeculis
612 1589 688 1662 post
713 1581 894 1644 Phaedrum
919 1579 1060 1644 libellum
1085 1583 1180 1644 suurn
1204 1583 1385 1646 conscribe·

318 1699 375 1767 ret,
411 1687 512 1751 multo
547 1687 738 1769 ampliorem
775 1689 903 1770 Aesopi
931 1688 1075 1769 γελοίων
1098 1691 1227 1771 copiam
1251 1690 1385 1752 adhibu-

316 1797 376 1859 erit
410 1816 544 1859 necesse
568 1807 626 1859 est.
668 1795 884 1860 Hausrathius
907 1796 938 1880 (l.
964 1796 982 1858 l.
1009 1817 1085 1878 pag.
1110 1796 1184 1882 309)
1202 1807 1384 1878 post-para-

317 1906 406 1967 doxa
440 1925 459 1966 e
493 1903 739 1966 collectionibus
774 1904 1091 1986 apophthegmatum
1117 1905 1221 1968 sacete
1242 1915 1277 1994 et
1299 1905 1385 1968 salse

316 2012 403 2074 dicta
438 2013 583 2074 omnium
619 2031 775 2092 generum
811 2011 843 2072 in
876 2010 977 2074 libros
1010 2011 1184 2094 Aesopeos
1220 2013 1386 2094 irrepsisse

316 2119 423 2182 docet.
477 2119 513 2180 ld
549 2127 658 2181 tamen
694 2120 758 2180 iam
795 2120 874 2182 satis
909 2121 1044 2200 antiquo
1079 2130 1227 2201 tempore
1263 2120 1385 2183 factum

316 2221 389 2288 esse
412 2227 488 2288 inde
512 2224 665 2306 colligere
680 2225 771 2301 licet,
797 2226 887 2308 quod
912 2227 975 2288 iarn
1000 2226 1240 2308 Aristophanes
1258 2227 1385 2308 Aesopi

315 2332 459 2414 γελοίων
483 2353 603 2396 nomen
627 2333 669 2395 ad
694 2334 727 2396 id
752 2353 856 2414 genus
879 2334 1039 2396 dictorum
1064 2333 1235 2410 transtulit,
1253 2346 1289 2398 ut
1305 2336 1386 2398 uidit

317 2441 534 2503 Hausrathius
558 2439 576 2503 l.
602 2440 621 2502 l.
646 2441 805 2503 scribens:
828 2441 962 2503 »Neben
979 2442 1055 2503 dem
1072 2439 1178 2522 λόγος
1195 2445 1260 2504 und
1277 2443 1385 2524 μῦθος

316 2546 509 2625 Αἰσώπειος
554 2548 641 2610 steht
685 2548 737 2611 bei
780 2548 1022 2630 Aristophanes
1066 2549 1118 2610 die
1158 2549 1385 2632 Bezeichnung

316 2653 480 2719 Αἰσώπου
508 2650 661 2736 ’γε’λοιον,
698 2657 751 2719 die
787 2655 836 2734 liir
872 2657 968 2719 kurze
992 2656 1181 2719 Witzworte
1205 2658 1385 2739 gebraucht

315 2764 404 2838 wird,
431 2762 477 2825 als
501 2763 601 2825 deren
625 2762 786 2844 Schdpser
801 2762 958 2827 ebensalls
975 2751 1070 2845 Asop
1087 2763 1186 2845 galt».
1220 2765 1384 2828 Phaedrus

315 2871 412 2950 igitur
436 2867 660 2931 collectionem
685 2871 712 2932 si
736 2891 801 2932 non
826 2872 1104 2952 incorruptiorem,
1123 2873 1280 2934 minorem
1298 2883 1384 2936 certe

316 2975 495 3044 fabularum
532 2995 686 3058 generum
721 2999 888 3041 numerum
925 2981 1147 3042 continentem
1183 2987 1281 3062 quam
1313 2980 1383 3042 Ari-

314 3084 494 3166 stophanes
530 3085 725 3165 cognouisse
759 3086 896 3149 uidetur.
945 3085 1020 3169 Quo
1052 3088 1161 3149 nescio
1186 3108 1226 3150 an
1251 3090 1283 3150 id
1308 3109 1383 3170 quo-

315 3213 378 3272 que
431 3193 591 3273 pertineat
637 3194 724 3272 quod
772 3193 900 3275 Aesopi
947 3193 1072 3256 fabulas
1119 3215 1263 3276 paucas*
1288 3196 1384 3258 suisse

197 3298 198 3301 ’
315 3299 402 3362 dicit.
453 3296 709 3380 Aristophanem
733 3311 841 3363 autem
866 3301 1004 3382 Aesopo
1029 3313 1221 3384 argumenta
1244 3325 1308 3367 non
1332 3325 1383 3366 eo-

316 3427 384 3468 rum
420 3407 521 3469 modo
556 3427 722 3488 generum,
759 3429 843 3490 quae
879 3409 967 3490 apud
997 3409 1176 3472 Phaedrum
1202 3424 1382 3486 occurmnt,

315 3515 503 3594 ascripsisse
532 3537 573 3576 ex
598 3517 677 3597 ipsis
702 3517 739 3578 iis
763 3516 932 3598 exemplis,
958 3537 1042 3597 quae
1066 3518 1167 3594 affert,
1194 3519 1286 3582 facile
1309 3541 1383 3583 con·

315 3621 461 3685 cluditur.
510 3623 638 3685 Praeter
673 3623 805 3704 mythos
840 3634 872 3686 et
901 3623 1021 3704 γέλοια
1044 3625 1172 3707 Aesopi
1196 3625 1281 3689 aliud
1307 3649 1382 3710 quo-

318 3749 381 3810 que
416 3750 519 3812 genus
549 3730 729 3793 fabularum
768 3731 1041 3818 »Σοβαριτικῶνν
1070 3733 1202 3809 inducit,
1227 3737 1317 3816 quod
1340 3735 1383 3798 ab

314 3837 442 3918 Aesopi
469 3836 653 3918 »γελοίοιςν
682 3859 748 3900 non
773 3839 908 3902 multum
933 3842 1052 3904 distare
1076 3851 1163 3904 recte
1180 3842 1261 3904 uidit
1278 3842 1382 3905 Haus-

314 3945 394 4009 rath.
419 3945 454 4010 tl.
491 3944 509 4008 l.
552 3965 626 4027 pag.
661 3927 742 4024 309.
791 3947 941 4010 Ceterum
982 3948 1221 4031 Aristophanes
1251 3951 1383 4013 nomine

312 4052 455 4132 γελοίων
498 4055 608 4116 omnia
643 4073 765 4134 genera
789 4054 976 4118 facetiarum
1000 4067 1033 4118 et
1065 4056 1381 4139 apophthegmatum

313 4162 599 4246 comprehendisse
635 4161 771 4229 uidetur.
821 4162 870 4226 Ne
906 4173 1032 4233 ceteros
1065 4166 1195 4254 quidem
1232 4177 1382 4236 auctores
