3244 4868
633 391 843 460 ‘-59-·

224 596 256 657 in
291 594 435 657 tabernis
463 593 598 656 librariis
622 592 720 657 libros
745 594 872 676 Aesopi
896 592 995 676 uulgo
1020 591 1153 656 uenales
1177 594 1290 675 prosti-

222 703 300 764 tisse
334 697 380 764 ex'
411 702 490 783 ipsis
524 701 661 766 Phaedri
693 703 821 784 scriptis
854 701 949 765 nobis
983 700 1176 764 concludere
1205 699 1288 766 licet.

223 808 388 872 Phaedrus
423 819 596 892 antequam
626 809 741 872 librum
764 809 813 872 IV
838 808 967 890 publice
991 809 1104 883 edidit,
1129 809 1161 871 in
1187 807 1289 870 taber-

135 963 136 966 *
223 917 281 992 niS,
318 916 373 978 ubi
397 916 469 979 libri
491 915 623 979 uenales
647 928 747 992 erant,
773 915 894 979 bellum
919 917 1058 978 murium
1082 925 1114 977 et
1138 914 1287 978 mustela·

223 1044 292 1086 rurn
316 1023 434 1088 tabulis
459 1025 580 1105 pictum
604 1025 685 1088 uidit
701 1023 751 1109 (cs.
775 1024 910 1088 Phaedr.
929 1023 986 1098 IV,
1004 1022 1045 1106 6).
1086 1023 1290 1086 Burmannus

222 1143 331 1194 autem
366 1134 408 1194 ad
442 1133 527 1198 hunc
562 1133 669 1214 ipsum
705 1131 813 1194 locum
844 1129 932 1216 (pag.
959 1133 1035 1212 225)
1059 1131 1289 1193 animaduertit

222 1259 345 1302 morem
384 1235 589 1302 romanorum
615 1239 713 1302 luisse
736 1249 772 1302 ut
795 1249 829 1302 et
852 1241 884 1302 in
909 1238 1058 1320 postibus
1081 1238 1289 1301 tabernarum

222 1343 420 1408 librariarum
441 1345 552 1410 titulos
567 1347 761 1427 scriptorum
778 1344 941 1409 uenalium
958 1346 1128 1426 expositos
1144 1343 1290 1426 legerent

222 1466 254 1516 et
278 1455 430 1536 picturae,
455 1473 539 1535 quae
563 1463 754 1534 argumenta
777 1453 931 1517 librorum
948 1453 1109 1518 uenalium
1126 1453 1286 1534 exprime·

221 1570 301 1637 rent,
316 1597 327 1608 -·
340 1562 373 1623 in
405 1560 590 1642 parietibus
628 1561 836 1624 tabernarum
876 1581 1052 1642 suspensas
1090 1570 1286 1641 spectarent.

220 1668 278 1731 Ad
312 1689 410 1750 quam
446 1670 638 1731 sententiam
675 1667 895 1731 illustrandam
930 1669 978 1731 uir
1001 1669 1117 1732 doctus
1139 1669 1183 1731 de
1206 1667 1288 1730 Mar·

220 1775 285 1840 tial.
311 1776 365 1840 lib.
389 1777 413 1839 I.
439 1776 501 1857 Ep.
531 1773 590 1855 1'17
616 1786 866 1839 commemorat:

332 1883 453 1952 Contra
478 1883 626 1947 Caesaris
649 1893 699 1946 est
724 1883 837 1946 forum
852 1883 996 1958 taberna,

332 1991 468 2074 Scriptis
491 1991 648 2073 postibus.
664 1991 739 2053 hinc
763 2001 796 2053 et
819 1991 896 2053 inde
919 1979 1005 2066 totis,
1077 1972 1081 1978 Ι

332 2099 458 2163 Omnes
481 2110 516 2162 ut
539 2100 604 2164 cito
629 2097 779 2181 perlegas
802 2105 928 2180 poetas.
1251 2163 1254 2169 ,

231 2253 235 2261 Δ
331 2205 438 2270 Vnde'
446 2206 632 2288 intelligitur
647 2207 827 2288 specimina
840 2227 858 2268 e
870 2205 959 2268 libris
971 2203 1141 2268 uen'alibus
1153 2215 1285 2287 sumpta

220 2317 261 2379 ad
297 2315 397 2378 libros
431 2316 522 2397 ipsos
552 2316 710 2378 emendos
734 2313 893 2378 allexisse.
941 2313 1033 2376 Idem
1057 2321 1164 2376 autem
1188 2315 1286 2378 etiarn

219 2422 346 2486 tabulas
381 2432 574 2504 argumenta
602 2423 633 2484 in
657 2421 746 2484 libris
770 2431 908 2484 tractata
931 2430 1136 2502 exponentes
1160 2420 1287 2484 efficere

219 2531 372 2594 debuisse
395 2541 542 2612 apparet.
1287 2539 1289 2544 ·

331 2638 437 2719 Supra
482 2639 668 2700 commonui
713 2636 884 2700 Vandaele
933 2658 951 2698 e
997 2636 1104 2699 uerbis
1149 2635 1286 2697 Phaedri

219 2748 339 2809 eruisse
363 2765 485 2827 paucas
510 2746 606 2808 luisse
630 2744 756 2826 Aesopi
781 2734 916 2820 fabulae,
941 2763 1039 2826 quarn
1063 2743 1197 2805 obrem
1222 2763 1285 2804 cre·

220 2855 363 2916 dendum
388 2865 437 2916 est
460 2873 570 2916 earum
592 2853 690 2934 longe
707 2852 815 2934 plures
831 2863 863 2915 et
880 2853 1022 2933 optimas
1038 2851 1133 2914 nobis
1150 2871 1216 2914 non
1232 2850 1286 2913 de·
1363 2855 1364 2858 ’

220 2963 364 3044 perditas
391 2981 471 3036 esse,
497 2962 677 3049 sedetiam
702 2981 787 3024 nunc
810 2961 938 3043 scriptis
963 2960 1070 3024 Babrii
1093 2969 1126 3022 et
1149 2958 1285 3022 Phaedri

218 3081 364 3132 seruatas
387 3070 553 3132 contineri.
595 3068 703 3151 Quum
728 3079 835 3130 autem
860 3069 1010 3144 rationes,
1036 3067 1155 3149 quibus
1176 3087 1284 3128 nume·
1345 3085 1347 3088 ·

219 3197 288 3240 rum
323 3197 433 3239 earum
457 3175 677 3258 suppleamus,
702 3176 797 3238 nobis
821 3175 963 3258 reliquae
986 3176 1059 3250 sint,
1082 3175 1145 3236 iam
1170 3176 1211 3236 ad
1236 3193 1284 3236 ce-

217 3296 303 3348 teras
326 3284 407 3346 sonti
431 3285 590 3366 Aesopeo
614 3284 824 3347 ascribendas
848 3303 986 3365 eamque
1010 3282 1054 3344 ob
1071 3302 1138 3344 rem
1155 3283 1186 3344 in
1202 3279 1284 3344 libro

218 3393 326 3455 Babrii
361 3394 467 3473 priore
503 3393 709 3473 reponendas
746 3390 872 3454 fabulas
900 3390 1139 3471 conquirendas
1163 3399 1195 3454 et
1218 3387 1284 3453 dili·

217 3501 345 3584 gentius
368 3501 556 3562 tractandas
578 3500 882 3580 transgrediendum
905 3507 964 3561 est.

645 3805 858 3815 m
