3260 4882
760 401 808 434 '—-
840 390 899 466 136
923 423 965 434 -

333 606 394 666 λον
418 605 438 683 ἢ
456 593 672 682 δυνήσεται»,
692 605 741 664 cui
758 601 934 684 explicatio
952 601 1095 664 additur:
1121 599 1273 662 »ἐπὶτῶν
1285 615 1400 679 προαι-

333 711 509 794 ρουμένων
548 709 608 793 μὲν
643 709 813 790 ἀδικῆσαι,
850 709 892 770 οὐ
928 706 1127 796 δυναμένων
1150 705 1221 770 δέ».
1269 706 1401 770 Cmsius

334 838 432 901 quum
458 829 533 899 post
556 818 642 880 hanc
664 815 916 898 explicationem
941 815 1089 877 lacunam
1113 816 1225 877 statuit
1249 825 1281 876 et
1304 815 1402 876 docet

335 909 523 1010 (comment.
568 945 642 1006 pag.
692 927 741 1004 11)
785 924 1046 1004 »enarrationem
1077 923 1270 997 excidisse»,
1307 922 1402 983 nobis

335 1033 542 1096 occasionem
578 1032 635 1094 dat
669 1032 852 1094 coniciendi
887 1029 949 1092 hoc
985 1028 1057 1091 loco
1089 1029 1164 1092 olim
1190 1027 1399 1103 historiolam,

335 1161 419 1222 quae
452 1141 492 1202 ad
519 1127 677 1220 originem
701 1137 830 1201 fabulae
852 1136 1076 1200 illustrandam
1102 1135 1207 1198 ualere
1231 1137 1400 1218 potuisset,
1489 1115 1491 1120 ,

335 1248 451 1310 lectam
477 1267 557 1311 esse.
899 1331 901 1334 .

442 1355 591 1417 Crusium
626 1353 732 1438 (Babr.
769 1365 830 1416 aet.
868 1373 944 1434 pag.
983 1351 1056 1435 218)
1093 1350 1234 1414 fabulam
1275 1365 1332 1430 125
1359 1354 1402 1412 ad

336 1461 543 1544 prouerbium
578 1461 712 1522 Zenobii
749 1461 773 1536 Ι,
808 1477 850 1539 42
885 1461 1100 1540 compositam
1125 1479 1197 1520 esse
1221 1470 1253 1520 et
1276 1461 1402 1521 asinum

335 1571 376 1632 ab
413 1571 485 1650 ipso
520 1575 619 1649 poeta
653 1589 712 1649 pro
736 1567 877 1630 haedulo
901 1566 1064 1648 prouerbii
1088 1567 1306 1628 introductum
1330 1587 1402 1629 esse

334 1677 547 1738 conicientem
584 1694 782 1757 quamquam
818 1673 947 1736 difficile
983 1675 1042 1735 erit
1076 1675 1276 1754 argumentis
1307 1675 1403 1736 certis

336 1785 538 1864 redarguere,
564 1791 671 1846 tamen
698 1804 764 1844 non
789 1782 902 1844 dubito
927 1782 1003 1862 quin
1021 1782 1102 1842 inter
1118 1781 1301 1861 prouerbia,
1320 1801 1403 1862 quae

335 1893 376 1952 de
398 1892 502 1952 -asino
539 1902 639 1965 erant,
678 1888 837 1970 permulta
872 1891 903 1950 in
935 1889 1126 1969 antiquitate
1149 1889 1283 1969 cognita
1306 1888 1403 1950 luisse

336 1999 486 2078 potuerit,
522 2017 564 2059 ex
600 2019 665 2079 quo
690 1997 771 2059 haec
801 1995 908 2058 sabula
932 1997 1006 2058 oriri
1031 2005 1151 2076 posset.
1199 1996 1267 2057 lam
1293 1999 1403 2058 monui

336 2107 515 2168 Phaedrum
541 2107 573 2167 in
598 2105 706 2167 fabula
730 2126 805 2186 app.
837 2121 873 2166 12
892 2102 1036 2186 (Havet.)
1054 2105 1283 2183 componenda
1301 2102 1403 2165 simile

334 2215 487 2294 adagium
523 2214 730 2276 conuertisse.
781 2211 896 2293 Neque
928 2222 1036 2274 tamen
1062 2213 1140 2273 satis
1164 2213 1232 2272 scio
1261 2232 1302 2272 an
1326 2213 1403 2273 ueri-

334 2320 468 2383 similius
492 2323 589 2382 etiam
614 2321 654 2381 sit
678 2320 740 2380 hac
764 2321 946 2381 narratione
963 2330 1088 2381 tantum
1106 2319 1313 2381 retractatum
1331 2339 1403 2381 esse

335 2429 561 2509 argumentum
594 2426 657 2488 fab.
683 2427 777 2489 Babr.
811 2444 865 2505 131
894 2453 937 2484 z
963 2427 1058 2488 Rom.
1084 2428 1107 2500 Ι,
1139 2429 1185 2501 16,
1213 2429 1299 2489 unde
1322 2428 1402 2489 asini

336 2555 508 2616 personam
544 2531 570 2596 a*
599 2543 697 2614 poeta
732 2544 894 2615 sumptam
932 2555 1003 2596 esse
1036 2535 1154 2597 conicit
1190 2534 1336 2611 Crusius;
1362 2534 1402 2596 cs.

336 2642 399 2704 lab.
430 2659 503 2720 131:
535 2639 720 2702 >>κυνίδιον>>
744 2665 788 2698 .-;
812 2654 885 2721 125:
913 2640 1092 2721 >>πίΙΙηκος>>
1110 2652 1143 2703 et
1159 2659 1229 2720 131,
1250 2655 1301 2720 15:
1326 2639 1405 2720 »τὴν

335 2743 506 2826 τράπεζαν
530 2746 668 2810 ἔθλαᾶ»
696 2773 740 2804 z
769 2761 838 2828 125,
859 2765 890 2810 2:
909 2747 986 2810 »τὸν
998 2739 1150 2830 κέραμον
1162 2746 1265 2810 ailla»
1283 2759 1314 2810 et
1332 2765 1402 2826 131,

341 2873 394 2933 19:
426 2855 672 2934 rhapdnovreq»
700 2881 744 2913 z
773 2869 842 2934 125,
870 2871 904 2917 2:
933 2853 1244 2934 lathomarium».

446 2963 522 3024 Non
558 2962 729 3042 prouerbia
770 2962 884 3055 solum,
921 2963 978 3025 sed
1003 2965 1098 3024 etiam
1124 2955 1211 3026 dicta
1235 2962 1405 3044 popularia

335 3069 516 3134 rhetoribus
538 3071 623 3132 haud
641 3090 712 3132 raro
730 3071 770 3132 ad
790 3069 969 3132 fabularum
986 3069 1227 3132 scribendarum
1246 3072 1403 3133 rationem

335 3174 492 3239 translata
527 3197 598 3238 esse
623 3179 685 3239 iam
711 3178 846 3239 Phaedri
873 3177 999 3253 fabulae
1024 3179 1209 3241 ostendunt.
1258 3179 1294 3239 In
1318 3197 1403 3238 com-

336 3286 494 3347 mentario
530 3286 613 3346 enim
648 3271 767 3347 Haveti
793 3287 921 3347 inuenio
946 3285 1088 3348 fabulam
1114 3286 1167 3362 111,
1194 3289 1212 3348 8
1238 3307 1310 3347 cum
1335 3283 1404 3347 Plu·

335 3392 437 3454 tarchi
462 3390 600 3473 Coniug.
628 3413 734 3473 praec.
762 3406 800 3472 25
828 3413 859 3474 p.
891 3411 945 3472 141
975 3394 1006 3454 D
1030 3395 1262 3472 etlll,9cum
1280 3392 1402 3455 Athen.

268 3550 269 3554 ,
335 3499 405 3573 ΧΙΙ,
440 3512 479 3578 45
516 3498 612 3580 plane
636 3521 824 3580 congruere,
850 3521 955 3581 neque
981 3503 1070 3581 parui
1095 3502 1330 3563 aestimandum
1356 3510 1405 3562 est

334 3608 425 3687 quod
465 3607 495 3668 in
535 3608 703 3670 codicibus
739 3607 831 3670 nullis
866 3609 1064 3689 interpositis
1100 3608 1217 3670 fabulis
1252 3609 1333 3671 inter
1369 3628 1404 3669 se

291 3749 293 3751 ·
334 3713 505 3776 connexae
531 3715 742 3796 proferuntur,
767 3717 889 3776 utiam
914 3714 977 3777 alio
1001 3713 1074 3777 loco
1091 3718 1202 3778 monui
1219 3715 1401 3778 Phaedrum

334 3823 365 3882 in
391 3821 508 3884 sabulis
533 3822 603 3884 libri
628 3823 721 3904 primi
747 3822 962 3903 disponendis
986 3844 1025 3884 eo
1050 3823 1149 3885 modo
1173 3837 1295 3885 certam
1313 3824 1405 3883 ratio-

334 3949 409 3990 nem
434 3941 581 3992 secutum
610 3951 690 4004 esse,
717 3940 751 3991 ut
775 3928 901 3991 fabulas
924 3931 965 3991 ad
990 3929 1127 3992 similem
1152 3931 1308 4011 originem
1335 3951 1404 4010 per-

334 4037 475 4099 tinentes
498 4039 581 4100 inter
605 4058 640 4099 se
664 4038 854 4099 coniunctas
878 4037 1014 4100 afferret.
1052 4036 1216 4118 Quoniam
1241 4039 1272 4100 in
1290 4039 1405 4101 ceteris

334 4143 512 4209 fabularum
549 4143 794 4212 collectionibus
829 4147 971 4212 neutrius
998 4146 1111 4212 horum
1138 4156 1402 4229 argumentorum
