3244 4868
737 398 913 477 ..442³

400 613 441 696 Α1
457 625 570 678 natura
594 616 751 696 prooemii
776 616 838 676 iam
864 615 990 675 tractati
1017 611 1150 706 multum
1176 612 1353 684 abhorrent

288 743 336 798 ea,
373 740 457 803 quae
486 723 653 802 prooemio
678 723 706 783 ll
731 723 813 783 inter
836 720 961 804 fabulas
985 741 1003 781 a
1031 699 1089 802 »pi
1117 719 1221 781 littera
1245 720 1353 799 incipi·

288 841 379 892 entes
415 831 534 891 inserto
569 812 795 890 continentur.
830 827 924 890 Nunc
960 828 1091 908 quidem
1122 828 1205 888 inter
1229 845 1352 900 omnes,

241 1003 243 1007 ,
288 938 341 1018 qui
377 937 418 997 de
455 936 560 998 Babrii
585 935 700 997 sabulis
725 935 902 1016 disputant,
928 935 1007 996 satis
1032 944 1161 996 constat
1185 935 1215 994 in
1241 935 1354 995 codice

291 1043 402 1105 Athoo
420 1045 587 1122 prooemio
612 1043 641 1104 ll
666 1063 730 1104 non
755 1063 864 1104 ueram
889 1041 1041 1104 librorum
1066 1041 1257 1102 diuisionem
1276 1042 1353 1102 indi·

288 1152 362 1225 cari,
389 1153 477 1232 quod
501 1171 587 1212 anno
616 1152 696 1229 1883
718 1150 745 1231 J.
772 1151 872 1212 Denis
898 1151 952 1230 (de
977 1148 1008 1210 ln
1033 1148 1117 1210 sable
1145 1149 1228 1210 dans
1254 1147 1353 1209 l'anti-

288 1259 375 1338 quite
410 1257 569 1338 classique
597 1278 671 1338 pag.
698 1259 754 1337 64)
779 1268 811 1319 et
835 1277 922 1319 anno
952 1258 1034 1334 1890
1059 1255 1184 1318 Croiset
1209 1257 1240 1317 in
1265 1256 1353 1318 editi-

289 1386 352 1426 one
387 1365 548 1427 Babriana
583 1376 703 1427 temere
738 1374 927 1439 statuerunt,
965 1364 1022 1425 sed
1047 1373 1083 1424 ut
1106 1365 1194 1444 ipsas
1218 1362 1352 1437 fabulas

290 1474 333 1535 ita
362 1474 459 1534 etiam
484 1474 686 1552 prooemium
713 1473 741 1533 ll
766 1472 943 1534 secundum
968 1472 1115 1532 ordinem
1140 1469 1265 1532 litterae
1278 1471 1353 1531 inci-

290 1581 407 1660 pientis
443 1578 635 1642 collocatum
672 1601 753 1642 esse.
802 1580 938 1641 Librarii
955 1583 957 1591 ’
974 1579 1069 1663 igitur
1104 1578 1225 1640 codicis
1250 1577 1353 1638 Athoi

288 1708 387 1769 quum
423 1688 625 1768 prooemium
650 1687 675 1754 ,Ι
698 1686 803 1749 solum
828 1709 847 1748 a
875 1707 931 1766 up>
960 1686 1064 1748 littera
1079 1687 1245 1766 incipiens
1269 1705 1288 1746 a
1312 1684 1354 1746 fa·

289 1793 371 1857 bulis
405 1796 602 1856 seiunxerint
627 1796 751 1876 totique
774 1796 865 1875 operi
889 1794 1145 1874 praeposuerint,
1171 1793 1352 1865 discrimen,

288 1903 374 1984 quod
401 1903 482 1964 inter
506 1900 630 1964 fabulas
654 1901 844 1964 libroruml
868 1912 901 1963 et
925 1901 954 1962 II
981 1902 1135 1963 interesse
1160 1900 1352 1975 uidebimus

288 2030 353 2072 non
392 2010 470 2071 satis
511 2009 708 2071 intellexisse
748 2009 906 2071 uidentur.
948 2007 1127 2088 Quomodo
1166 2009 1196 2068 in
1238 2006 1354 2069 sabulis

289 2118 396 2180 Babrii
429 2116 699 2178 transscribendis
733 2117 851 2179 uersati
876 2118 949 2190 sint,
975 2136 1016 2177 ex
1041 2117 1079 2177 iis
1103 2113 1210 2195 colligi
1235 2124 1353 2194 potest,
1420 2102 1423 2106 ⁵

288 2245 371 2306 quae
394 2225 435 2286 de
458 2225 616 2305 scriptura
640 2225 762 2287 codicis
787 2224 888 2285 Athoi
914 2223 1008 2284 nobis
1033 2223 1142 2303 prodit
1166 2221 1297 2284 Crusius
1322 2223 1353 2283 in

288 2332 522 2394 commentario
563 2333 715 2393 editionis
750 2332 857 2393 Babrii
893 2351 968 2412 pag.
1006 2333 1058 2409 98,
1096 2331 1182 2391 unde
1218 2338 1354 2411 apparet

289 2460 419 2502 manum
461 2439 597 2520 primam
641 2459 683 2500 ex
728 2440 854 2520 integro
897 2439 1010 2500 codice
1057 2438 1218 2500 Babriano
1254 2436 1354 2498 uerba

292 2545 399 2627 »ἀρχή
422 2549 482 2609 τοῦ
511 2548 530 2632 β
554 2545 741 2630 τμήματος»
769 2545 923 2608 translata
936 2547 1104 2626 prooemio
1117 2545 1353 2625 praeposuisse,

287 2665 403 2736 postea
427 2666 534 2717 autem
549 2656 572 2740 β
588 2653 693 2716 littera
709 2655 740 2715 in
762 2673 819 2736 »pu
840 2664 963 2716 mutata
979 2663 1011 2715 et
1032 2650 1237 2734 »rpripotoqn
1253 2650 1353 2712 uerbo

289 2760 410 2824 deleto·
430 2761 555 2824 titulum
593 2783 711 2823 nouum
738 2782 756 2822 a
780 2781 878 2824 manu
902 2761 1078 2822 recentiore
1103 2761 1248 2821 additum
1272 2744 1361 2831 esse,

287 2871 341 2951 qui
366 2891 437 2932 cum
463 2868 677 2932 collocatione
702 2868 891 2942 fabularum.
906 2878 1107 2949 congrueret.
1134 2867 1275 2928 Librarii
1291 2866 1351 2927 etsi

248 3051 251 3054 ¹
287 2998 352 3058 quo
387 2987 549 3057 spectaret
584 2977 786 3058 prooemium
819 2977 996 3038 secundum
1028 2995 1092 3036 non
1117 2972 1352 3046 intellexerunt,

291 3085 321 3146 in
346 3085 425 3165 ipsis
448 3085 579 3166 quidem
604 3083 750 3146 uersibus
774 3085 842 3145 eius
866 3082 1097 3145 transferendis
1114 3083 1236 3143 maiore
1252 3099 1350 3160 quam

289 3193 320 3253 in
351 3192 546 3272 prooemiil
571 3192 746 3254 reddendis
770 3211 845 3253 cura
869 3192 915 3252 usi
941 3200 1024 3252 sunt.
1066 3189 1100 3252 Si
1125 3190 1209 3250 enim
1234 3190 1276 3250 ad
1301 3189 1354 3248 ini·

288 3300 367 3360 tium
402 3309 435 3360 et
463 3300 586 3362 exitum
610 3300 679 3361 eius
703 3299 845 3360 animum
870 3299 1112 3370 aduerterimuS,
1138 3295 1353 3383 facile-appa·

287 3406 367 3467 rebit
407 3407 610 3486 prooemium
646 3407 674 3469 II
709 3406 752 3467 ab
787 3408 859 3487 ipso
895 3405 1013 3466 Babrio
1042 3423 1135 3465 uersu
1165 3421 1175 3465 1
1204 3404 1354 3464 codicum

287 3512 381 3574 nobis
422 3523 624 3575 seruaturum
660 3514 891 3588 introductum,
928 3514 1011 3574 sicut
1046 3512 1142 3572 etiam
1179 3529 1273 3572 uersu
1317 3509 1354 3570 16

287 3619 411 3682 finitum
436 3641 516 3683 esse.
564 3620 610 3682 Vt
634 3641 727 3682 uersu
757 3639 766 3683 1
796 3621 874 3682 satis
898 3620 1072 3681 commode
1095 3618 1227 3681 historia
1251 3616 1354 3696 mythi

287 3727 509 3802 introducitur,
547 3729 591 3790 ita
627 3749 721 3791 uersu
764 3728 803 3789 16
831 3705 879 3788 ¹ad
913 3729 1001 3808 ipsas
1026 3723 1151 3787 fabulas
1176 3725 1355 3786 narrandas

287 3835 452 3914 aptissime
477 3837 637 3898 transitur.
678 3835 785 3897 Etiam
811 3855 930 3908 uersus,
957 3835 1010 3912 qui
1035 3834 1200 3906 intersunt,
1226 3852 1354 3912 corrup·

288 3940 359 4002 telis
382 3953 415 4003 et
439 3941 561 4004 lacunis
585 3943 762 4005 admodum
788 3953 908 4004 carent.

399 4049 454 4111 Ad
491 4071 557 4112 rem
589 4050 684 4112 nobis
709 4050 910 4130 propositam
936 4045 1167 4127 perficiendam
1191 4047 1290 4107 etiam
1316 4065 1355 4107 ea

292 4158 439 4234 quaestio
464 4159 720 4237 quammaxime
737 4158 874 4237 pertinet
890 4155 1058 4236 quomodo
1077 4155 1176 4216 uerba
1198 4157 1354 4234 prooemii
