3244 4868
770 404 947 482 „56-.

320 618 407 698 apud
444 617 595 679 Babrium
631 615 721 692 feles;
747 637 844 698 quam
870 619 912 678 ad
936 617 1186 696 discrepantiam
1212 615 1385 697 explanan-

320 724 397 786 dam
437 725 515 786 satis
554 724 615 786 erit
652 721 773 785 Kelleri
812 724 1074 786 obseruationem
1114 723 1204 807 (tiber
1243 724 1295 785 die
1327 722 1388 784 Ge-

320 831 465 894 schichte
503 831 561 892 der
599 831 822 912 griechischen
862 828 971 906 Fabel,
1013 850 1088 911 pag.
1129 829 1203 914 392)
1228 829 1385 910 proferre:

324 938 465 1000 »Frtiher
488 939 600 1000 hatten
625 939 677 999 die
701 936 860 1000 Griechen
885 959 945 1000 nur
968 938 1027 1000 das
1056 937 1177 1000 Wiesel
1200 957 1272 1000 zurn
1289 937 1387 1018 Weg-

320 1046 441 1127 sangen
475 1066 541 1108 von
578 1046 725 1121 Mausen,
761 1045 955 1121 Eidechsen,
982 1045 1168 1127 Schlangen
1193 1068 1222 1108 u.
1248 1045 1313 1126 dgl.
1339 1044 1387 1107 als

322 1153 499 1215 Hausthier
531 1152 698 1234 gehalten;
731 1153 943 1220 beiBabrios
967 1154 1008 1215 ist
1031 1153 1084 1215 die
1107 1153 1211 1215 Katze
1235 1153 1320 1215 eben
1343 1154 1386 1214 im

320 1259 448 1342 Begriff,
474 1260 580 1322 neben
605 1262 679 1322 dem
705 1259 826 1322 Wiesel
851 1261 884 1322 in
907 1261 971 1322 den
995 1261 1111 1323 Dienst
1134 1261 1193 1322 des
1210 1260 1387 1322 Menschen

198 1451 200 1455 ι
319 1369 532 1430 einzutreten:
569 1367 654 1430 noch
690 1369 731 1430 ist
765 1369 812 1430 sie
845 1367 998 1431 halbwild
1027 1369 1094 1430 und
1118 1367 1166 1430 fiir
1188 1369 1248 1430 das
1272 1368 1386 1430 Feder·

319 1475 394 1537 vieh
428 1474 502 1537 sehr
525 1473 734 1557 gesahrlich».
783 1475 891 1556 Quam
914 1458 1035 1538 Kelleri
1059 1477 1253 1538 sententiam
1277 1487 1387 1538 tamen

319 1584 490 1664 impugnat
525 1581 665 1657 Cnosius,
703 1603 801 1663 quum
838 1581 944 1667 (Babr.
977 1592 1039 1646 aet.
1065 1604 1096 1664 p.
1128 1597 1183 1662 151
1212 1584 1298 1664 sqq.)
1324 1584 1386 1644 aui-

320 1691 495 1762 maduertit
530 1689 679 1752 homines
703 1691 855 1770 antiquos
878 1689 1059 1764 mustelam,
1085 1688 1201 1752 melem
1227 1688 1387 1771 selemque

320 1800 403 1860 inter
438 1818 481 1859 se.
509 1796 703 1859 confudisse.
752 1797 888 1858 Babrius
912 1807 1021 1859 autent
1046 1817 1102 1860 cur
1125 1799 1156 1859 in
1181 1799 1296 1859 eodem
1323 1798 1386 1859 ani·

319 1905 394 1966 mali
430 1905 647 1986 significando
683 1905 749 1966 duo
784 1895 917 1968 nomina
952 1903 1122 1967 adhiberet
1156 1904 1289 1986 intelligi
1322 1891 1391 1966 non·

320 2021 439 2095 potest.
488 2011 637 2074 Ceterum
672 2011 767 2074 felem
803 2009 1038 2074 fabulatoribus
1073 2031 1139 2075 non
1171 2014 1318 2094 ignotam
1344 2013 1359 2074 f
1378 2049 1386 2060 =

320 2121 383 2182 isse
406 2120 493 2182 ,inde
517 2120 628 2181 uidere
651 2119 734 2194 licet,
760 2121 849 2201 quod
872 2119 1039 2182 Phaedrus
1062 2121 1095 2182 in
1120 2119 1235 2182 fabulis
1259 2121 1387 2182 duobus

320 2249 386 2290 non
421 2227 595 2308 Aesopeis,
633 2227 750 2308 quibus
785 2226 984 2308 exemplaria
1016 2247 1134 2308 graeca
1158 2227 1292 2290 subesse
1316 2247 1386 2290 cen-

319 2337 456 2398 sendum
487 2347 546 2410 est,
572 2335 610 2410 Il,
636 2352 657 2413 4
680 2345 713 2396 et
736 2334 827 2415 App.
858 2337 896 2396 16
920 2333 1051 2420 (Havet)
1075 2349 1214 2417 quacum
1239 2335 1388 2398 conferas
1458 2336 1459 2340 ’
1490 2351 1505 2417 j

319 2442 450 2505 Aelian.
476 2451 541 2505 nat.
568 2463 619 2504 an.
646 2441 687 2517 V,
716 2456 768 2520 50,
793 2440 811 2503 l.
839 2444 878 2520 38
904 2441 1082 2527 (Hercher)‚
1109 2441 1202 2504 felem
1226 2443 1314 2504 haud
1332 2444 1386 2504 du·

319 2550 372 2611 bie
406 2551 511 2630 ipsam
548 2549 683 2611 induxit.
732 2548 784 2610 Ex
808 2549 855 2623 iis,
882 2569 967 2630 quae
990 2550 1053 2611 iam
1078 2551 1273 2624 dictasunt,
1297 2548 1387 2612 intel·

319 2656 427 2738 ligitur
461 2656 641 2719 Phaedrum
678 2666 764 2718 recte
798 2655 969 2719 mustelam
1006 2677 1047 2718 ex
1080 2656 1236 2738 Aesopea
1259 2656 1386 2738 sylloge

319 2763 531 2826 transtulisse.

339 2923 341 2928 ,
431 2871 552 2952 [οηξεΙ
593 2870 701 2951 plures
740 2870 931 2946 fabularum,
972 2892 1055 2953 quae
1090 2893 1191 2953 supra
1230 2882 1386 2934 tractatae

263 2963 265 2968 ¹
318 2989 402 3055 sunt,
439 2978 616 3042 identidem
648 2980 737 3060 apud
772 2989 921 3041 auctores
956 2981 1109 3061 antiquos
1138 2991 1171 3042 et
1195 2973 1331 3061 graecos
1354 2990 1405 3058 et

320 3086 436 3149 latinos
480 3096 656 3161 recurrunt,
692 3087 779 3148 unde
814 3085 968 3168 colligere
1003 3085 1077 3149 licet
1112 3097 1144 3149 et
1179 3086 1387 3150 collectiones

320 3192 500 3256 fabularum
536 3192 764 3275 Aesopearum
800 3195 832 3255 in
868 3195 1059 3274 antiquitate
1084 3194 1179 3256 ualde
1203 3196 1386 3276 percrebru-

319 3303 383 3364 isse
407 3311 440 3363 et
462 3302 521 3362 has
545 3302 748 3381 potissimum
774 3300 901 3363 fabulas
925 3322 1023 3384 quum
1047 3301 1237 3384 legerentur,
1261 3305 1386 3364 animos

319 3408 476 3471 lectorum
501 3407 724 3471 delectauisse.
765 3409 867 3471 Vtin
892 3411 1126 3472 commentario
1143 3410 1295 3472 editionis
1312 3409 1385 3473 Cru-

320 3518 358 3579 sii
392 3517 523 3578 inuenio
559 3516 654 3580 Babr.
695 3533 734 3578 22
771 3518 867 3580 etiam
893 3518 982 3598 apud
1007 3517 1187 3607 Diodorum
1213 3517 1283 3600 (frg.
1309 3519 1384 3604 Vat.

320 3624 469 3698 XXXIII,
508 3639 536 3704 7,
563 3645 638 3706 pag.
666 3640 706 3705 72
732 3624 797 3709 Dd)
821 3635 854 3687 et
878 3625 1108 3706 Doxopatrum
1134 3626 1294 3688 rhetorem
1319 3625 1384 3710 (W.

319 3732 348 3794 ll
385 3751 460 3813 pag.
503 3732 586 3816 189)¹
609 3732 726 3795 lectam
762 3753 842 3795 esse.
891 3733 1105 3814 Doxopatrus
1142 3734 1254 3815 paucis
1279 3733 1386 3796 uerbis

320 3840 390 3901 eius
414 3841 614 3902 mentionem
639 3839 715 3902 lacit
739 3843 784 3903 ita
807 3841 950 3922 quidem,
975 3851 1010 3902 ut
1026 3838 1119 3902 facile
1135 3851 1293 3922 appareat
1309 3861 1382 3903 eum

319 3948 484 4028 putauisse
520 3957 748 4029 argumentum
784 3947 958 4010 lectoribus
993 3949 1196 4010 notissimum
1220 3967 1301 4011 esse.
1349 3950 1384 4010 ln

319 4053 576 4136 encyclopaedia
614 4054 912 4135 Pauly-Wissowae
947 4057 986 4131 ll,
1025 4057 1109 4118 2662
1134 4075 1192 4118 eos
1216 4067 1383 4117 auctorum

319 4164 524 4244 antiquorum
548 4163 649 4238 locos
674 4164 729 4225 ubi
754 4173 945 4244 argumenta
970 4163 1033 4225 fab.
1060 4164 1154 4226 Babr.
1182 4180 1233 4240 22,
1262 4180 1312 4242 31,
1333 4176 1384 4243 50,
