3260 4882
692 447 726 459 -
759 429 886 490 149„

252 626 345 688 Babr.
389 639 446 704 135
485 625 663 714 (Schneid.)
698 652 743 682 z
782 627 842 704 136
878 625 992 709 (Crus)
1030 627 1072 687 ad
1110 625 1319 700 Herodotissl,

254 733 384 812 34—216
409 732 552 794 refictam
577 753 658 796 esse.
699 733 793 796 Babr.
819 751 840 812 9
860 753 901 794 ex
919 731 1076 813 florilegio
1092 731 1320 814 παραδειγμά-

252 861 317 902 των
356 851 519 922 sumptam
559 861 630 902 esse
665 842 743 921 quin
779 851 865 902 recte
900 829 1047 902 statuerit
1083 839 1213 902 Crusius
1248 860 1320 904 eam
1396 859 1397 862 ¹

252 969 383 1028 quoque
407 950 450 1010 ob
475 969 540 1010 rern
566 948 707 1011 dubitari
732 949 851 1028 nequit,
877 947 965 1028 quod
988 969 1007 1008 a
1024 948 1205 1009 rhetoribus
1221 946 1319 1028 uulgo

252 1056 459 1118 tractabatur.
508 1056 637 1118 Praeter
663 1055 832 1116 Theonem
857 1055 944 1116 enim
968 1057 1065 1117 etiam
1091 1055 1318 1135 Aphthonium

252 1161 329 1242 (sab.
368 1165 422 1242 33)
458 1157 596 1225 eandem
632 1163 828 1243 cognouisse
859 1173 891 1224 et
915 1164 1104 1224 tractauisse
1128 1164 1160 1224 in
1184 1165 1320 1244 synopsi

252 1269 431 1334 fabularum
472 1271 621 1332 editionis
661 1269 881 1332 Rutherfordii
920 1271 1060 1332 inuenio,
1120 1269 1176 1331 Ad
1214 1269 1319 1333 locum

253 1379 478 1442 Herodoteum
502 1377 593 1442 Stein
618 1377 804 1462 (comment.
831 1399 862 1458 p.
890 1375 964 1460 211)
983 1379 1108 1438 notauit
1125 1377 1185 1438 Eu.
1205 1377 1320 1440 Matth.

251 1487 306 1562 XI,
352 1502 403 1565 17:
448 1483 662 1567 »ηὺλήσαμεν
700 1483 776 1566 ὑμῑ11
799 1483 855 1546 καὶ
880 1483 945 1546 οὐκ
970 1482 1210 1564 ὠρχήσασθε»,
1237 1505 1320 1565 quae

252 1594 352 1656 uerba
387 1603 495 1656 tamen
532 1593 562 1654 in
594 1592 717 1654 exitum
743 1591 924 1654 Babrianae
949 1602 980 1652 et
1005 1590 1113 1653 Halm.
1141 1605 1180 1670 27
1207 1591 1320 1654 melius

252 1721 349 1782 quam
386 1701 418 1761 in
455 1700 664 1761 Herodoteae
694 1699 854 1780 quadrare
879 1699 1027 1761 uidentur
1050 1698 1103 1779 (cf.
1129 1693 1237 1773 Halm.
1265 1714 1319 1778 27:

255 1808 332 1870 »ὅτε
371 1805 431 1889 μὲν
469 1803 605 1886 ηὔλουν,
637 1805 701 1868 οὐκ
725 1806 937 1884 oppetatis»)¹
986 1805 1084 1888 Quod
1110 1807 1152 1897 ad
1170 1805 1321 1868 ‘fabulam

252 1916 359 1978 Babrii
393 1929 450 1995 135
477 1915 645 1996 (quoniam
670 1913 910 1977 Schneidewini
934 1895 1042 1975 fabula
1067 1904 1178 1976 mutila
1202 1924 1320 1990 exstat,

251 2022 451 2088 consulenda
475 2033 524 2083 est
549 2021 650 2084 Crusii
681 2021 742 2100 136
766 2041 784 2082 e
807 2019 925 2082 tabulis
942 2019 1216 2084 Assendelstianis
1234 2023 1321 2084 resti-

170 2112 172 2117 *
251 2128 331 2214 tuta)
355 2131 479 2204 attinet,
505 2127 713 2190 statuendum
737 2148 809 2190 esse
826 2147 946 2190 censeo
963 2148 1036 2188 eam
1053 2128 1095 2189 ab
1112 2129 1184 2208 ipso
1201 2129 1320 2190 Babrio

254 2236 352 2323 (nullo
388 2238 485 2312 enim,
522 2246 678 2317 quantum
714 2236 791 2310 scio,
818 2235 890 2297 loco
914 2246 1092 2310 auctorum,
1118 2237 1171 2316 qui
1195 2237 1237 2297 ad
1261 2256 1321 2297 nos

210 2326 213 2331 ’
252 2354 475 2427 peruenerunt,
512 2342 639 2427 legitur)
675 2364 716 2405 ex
751 2345 789 2404 iis
825 2354 986 2405 recoctam
1016 2363 1097 2420 esse,
1123 2363 1207 2424 quae
1231 2343 1319 2423 apud

253 2453 457 2515 Herodotum
483 2453 506 2525 I,
533 2451 665 2530 34—46
682 2453 723 2512 de
740 2449 805 2512 filio
823 2449 936 2513 Croesi
952 2459 1130 2512 narrantur.
1157 2449 1319 2532 Quemad-

251 2561 384 2622 modum
409 2560 493 2622 enim
519 2578 620 2620 senex
646 2557 774 2620 fabulae
796 2557 977 2619 Babrianae
994 2579 1092 2638 quum
1111 2557 1208 2620 filium
1226 2545 1319 2620 suum

252 2689 271 2729 a
306 2666 400 2729 leone
436 2667 543 2728 necari
579 2666 610 2728 in
647 2686 763 2727 somno
799 2666 942 2739 uidisset,
980 2666 1025 2740 ita
1059 2666 1146 2745 apud
1172 2665 1318 2728 Herodo-

251 2787 319 2837 tum
345 2774 485 2837 Croesus
509 2793 607 2854 quum
632 2775 708 2835 item
733 2774 765 2835 in
789 2793 906 2834 somno
932 2773 1064 2834 uidisset
1090 2771 1195 2834 'Aaou
1219 2771 1317 2834 filium

250 2903 342 2944 suurn
368 2883 462 2944 basta
486 2881 588 2944 serrea
611 2881 725 2955 occidi,
751 2879 966 2942 sollicitudine
990 2881 1088 2942 animi
1105 2879 1243 2950 afflictus
1259 2891 1318 2942 est.

251 2991 373 3053 Neuter
394 3011 505 3054 eorum
523 2990 699 3070 quidquam
713 2968 944 3069 intemptatum
964 2987 1099 3070 reliquit,
1117 2998 1151 3050 ut
1168 2989 1318 3072 iuuenem

251 3100 344 3160 morti
381 3099 527 3178 eriperet.
577 3096 739 3178 Quoniam
777 3107 886 3158 autem
920 3098 952 3159 in
977 3095 1104 3158 fortuna
1129 3115 1248 3176 magna
1272 3106 1321 3158 est

250 3207 299 3267 uis
324 3205 375 3267 uel
399 3208 440 3266 ad
464 3205 627 3266 secundas
651 3223 701 3266 res
726 3203 776 3265 uel
801 3204 843 3265 ad
868 3207 1023 3269 aduersas
1047 3213 1079 3264 et
1105 3202 1171 3264 sato
1188 3204 1319 3284 praesti-

250 3323 353 3374 tutum
390 3323 459 3374 erat
482 3321 517 3374 ut
541 3313 658 3392 periret
682 3321 816 3391 uterque
841 3312 975 3388 iuuenis,
1000 3310 1089 3390 apud
1114 3309 1319 3372 Herodotum

251 3419 338 3501 Atys
362 3419 497 3482 Adrasti
522 3419 665 3482 Gordiae
689 3418 743 3480 tilii
767 3419 862 3496 hasta
885 3419 974 3492 obiit,
993 3416 1123 3479 fabulae
1140 3417 1320 3480 Babrianae

250 3528 375 3590 iuuenis
399 3526 500 3589 leonis
524 3527 678 3588 dentibus
701 3526 862 3588 laceratus
884 3535 942 3588 est.
991 3525 1027 3586 ln
1051 3526 1202 3586 omnibus
1224 3526 1321 3605 igitur

251 3635 346 3697 rebus
383 3635 569 3697 Herodotus
605 3645 636 3696 et
661 3634 797 3695 Babrius
821 3635 902 3695 inter
926 3653 960 3694 se
985 3633 1202 3695 consentiunt.
1250 3633 1318 3694 Iam

250 3762 308 3822 per
342 3763 377 3804 se
413 3741 505 3806 facile
536 3752 673 3822 apparet
698 3761 756 3803 eos
780 3761 884 3806 rerum
909 3742 1093 3821 scriptores,
1118 3741 1175 3820 qui
1198 3760 1217 3800 e
1242 3737 1319 3800 ludo

249 3851 400 3912 Isocratis
424 3851 545 3930 egressi
569 3860 671 3910 artem
696 3849 888 3916 rhetoricam
914 3849 956 3909 ad
981 3869 1031 3910 res
1055 3856 1165 3928 gestas
1187 3848 1319 3927 perscri-

249 3957 375 4020 bendas
409 3957 639 4019 transtulerant
674 3956 749 4041 (qua
782 3958 824 4018 de
859 3976 892 4017 re
928 3955 967 4018 cs.
1005 3954 1112 4017 Robd.
1142 3953 1160 4016 l.
1198 3953 1216 4017 l.
1244 3975 1318 4036 pag.

250 4063 335 4148 320),
371 4085 469 4146 quam
505 4065 647 4127 maxime
684 4064 910 4127 arhetoribus
934 4062 994 4125 illis
1019 4063 1253 4143 posterioribus
1277 4064 1320 4124 ad

249 4193 340 4244 usum
381 4171 529 4241 ludorum
566 4171 808 4240 accommodari
845 4173 1000 4258 potuisse,
1037 4189 1135 4255 quam
1172 4170 1215 4236 ob
1253 4190 1317 4235 rem
