3260 4882
684 415 879 501 ⁴14}-

248 636 390 697 formoso
415 637 524 716 gregi»
551 661 596 692 z
619 635 714 697 Babr.
745 652 814 709 101,
843 651 942 714 3-4:
972 637 1056 696 »τῶν
1073 631 1113 696 δὲ
1129 634 1313 717 συμφύλων

247 740 491 822 ὰποστατήσας
513 745 585 818 τοίς
608 739 746 820 λέουσιν
769 740 926 823 ὡμίλει»)Ι
975 741 1100 803 Fabula
1123 761 1222 823 quum
1246 761 1314 804 nar-

247 852 370 913 ratione
406 849 567 912 Babriana
602 859 743 930 excepta
779 847 867 910 nullo
902 859 1070 910 auctorum
1096 849 1312 931 antiquorum,

248 968 403 1038 quantum
427 958 506 1031 sci0,
532 956 604 1018 loco
629 965 684 1018 aut
708 965 853 1018 narretur
884 967 938 1019 aut
965 967 1247 1030 commemoretur,
1265 977 1316 1019 ne-

247 1067 315 1126 scio
338 1085 380 1127 an
402 1065 445 1128 ab
469 1066 542 1145 ipso
566 1064 684 1126 Babrio
709 1063 750 1125 ad
775 1063 943 1144 exemplar
966 1063 1103 1139 fabulae,
1121 1085 1218 1146 quarn
1236 1065 1315 1140 dixi,

248 1172 424 1253 Aesopeae
448 1173 632 1253 composita
655 1191 727 1233 esse
751 1173 864 1253 possit.

356 1279 442 1369 Hoc
467 1278 539 1341 loco
578 1280 675 1342 etiam
714 1278 855 1341 fabulam
897 1295 957 1341 120
994 1279 1316 1342 commemorandam

247 1407 318 1450 esse
353 1388 427 1449 inde
460 1398 606 1468 apparet,
643 1388 741 1466 quod,
778 1397 812 1448 ut
846 1388 910 1449 iam
946 1385 1055 1448 Keller
1079 1384 1108 1471 (l.
1135 1386 1153 1449 l.
1180 1409 1211 1468 p.
1238 1390 1315 1469 392)

248 1497 381 1568 monuit,
418 1496 456 1556 iis
492 1493 738 1568 narrationibus
775 1495 806 1555 in
842 1494 960 1574 quibus
996 1494 1114 1556 medici
1138 1495 1315 1570 irridentur,
1358 1539 1359 1542 κ

248 1622 394 1683 quasque
418 1603 450 1664 in
475 1601 721 1677 collectionibus
745 1601 858 1663 crebro
883 1618 1050 1663 occurrere
1073 1622 1115 1663 ex
1141 1602 1315 1665 Hausrath.

247 1709 265 1772 l.
291 1708 310 1771 l.
336 1729 411 1790 pag.
440 1711 502 1787 318
527 1711 637 1771 uidere
661 1707 744 1783 licet,
775 1708 1020 1770 adnumeranda
1044 1720 1102 1771 est.
1151 1709 1258 1772 Etiam
1284 1712 1316 1772 in

194 1881 196 1886 ,
247 1800 373 1897 sylloge
398 1816 554 1897 Aesopea
579 1814 720 1879 fabulam
746 1815 818 1878 talis
842 1817 1024 1896 argumenti
1039 1817 1213 1892 exstitisse,
1228 1818 1315 1879 unde
1375 1889 1376 1892 Ἴ

248 1924 358 2004 egredi
382 1933 517 2004 possent
541 1923 695 1997 rhetores,
721 1924 784 1984 iam
810 1922 872 1984 alio
897 1909 969 1984 loco
986 1923 1113 1985 dictum'
1127 1933 1185 1992 est.
1219 1924 1315 1986 Hanc

249 2032 465 2092 narrationem
495 2051 560 2092 non
586 2032 627 2092 ab
652 2031 724 2111 ipso
748 2030 867 2091 Babrio
891 2031 1067 2105 inuentam,
1093 2033 1152 2092 sed
1176 2032 1208 2093 in
1233 2031 1317 2094 ludis

251 2137 413 2199 rhetorum
439 2137 610 2218 diligenter
633 2147 803 2200 tractatam
829 2157 900 2200 esse
925 2138 1000 2199 inde
1016 2137 1212 2218 intelligitur,
1228 2140 1316 2221 quod

250 2256 381 2307 auctore
417 2243 530 2306 Crusio
566 2246 630 2325 (ed.
656 2266 687 2325 p.
719 2243 789 2328 108)
814 2255 846 2306 et
870 2244 1081 2325 Aphthonius
1106 2256 1138 2307 et
1162 2246 1317 2308 Nicolaus

248 2353 416 2432 sophistae
450 2372 522 2413 eam
558 2372 631 2413 cum
665 2351 784 2413 Babrio
809 2353 1050 2428 consentientes
1074 2364 1315 2417 enarrauerunt.

249 2459 347 2540 Quod
374 2460 415 2520 ad
440 2461 563 2521 initium
590 2458 717 2521 fabulae
743 2459 850 2522 Babrii
874 2461 999 2536 attinet,
1025 2480 1137 2522 uersus
1165 2461 1231 2522 duo
1258 2463 1317 2542 pri·

250 2569 292 2630 mi
327 2568 536 2647 descriptioni
574 2587 721 2628 ranarum
758 2569 846 2648 apud
878 2577 1003 2629 ueteres
1028 2565 1224 2630 fabulatores
1247 2567 1318 2630 soli·

248 2685 301 2735 tae
336 2674 446 2734 deberi
471 2668 628 2748 uidentur,
654 2661 743 2755 quod
768 2694 810 2735 ex
835 2675 970 2736 Phaedri
996 2675 1019 2749 Ι,
1046 2693 1079 2738 2:
1109 2675 1242 2737 »Ranae
1266 2695 1317 2736 ua-

156 2777 158 2782 ’
248 2790 364 2861 gantes
395 2779 503 2842 liberis
527 2780 717 2861 paludibus»
745 2782 826 2856 etl,
851 2782 881 2854 6,
909 2796 943 2860 7:
973 2781 1106 2863 »Stagni
1131 2781 1256 2844 incola»
1285 2792 1317 2844 et

249 2889 271 2964 Ι,
299 2905 354 2966 30:
383 2888 495 2950 »Rana
520 2909 538 2949 e
563 2882 700 2968 palude»
729 2886 821 2950 facile
845 2886 989 2968 colligas,
1201 2888 1203 2892 ’
1270 2971 1272 2976 Α

354 2997 390 3057 ln
430 2997 629 3076 argumentis
668 2997 710 3057 ad
751 3007 894 3058 ueterum
935 2995 1121 3076 exemplum
1153 2996 1314 3077 tingendis

248 3114 361 3166 auctor
398 3103 505 3167 Babrii
539 3103 658 3184 aliique
693 3103 838 3166 rhetores
874 3123 945 3166 eam
983 3104 1124 3165 maxime
1157 3105 1314 3166 rationem

248 3213 350 3273 secuti
379 3231 450 3272 esse
474 3212 632 3286 uidentur,
658 3222 692 3273 ut
717 3231 876 3292 personas
899 3221 1061 3273 mutarent
1084 3211 1137 3292 (cf.
1164 3211 1258 3273 Babr.
1285 3213 1315 3285 6,

255 3334 302 3396 13,
341 3333 392 3397 27,
432 3336 492 3395 124
527 3328 560 3378 et
586 3336 642 3395 44,
668 3333 710 3397 47
735 3330 767 3380 et
791 3333 843 3397 45,
871 3333 922 3398 73,
949 3334 990 3398 79
1014 3330 1047 3380 et
1072 3333 1123 3399 72,
1153 3317 1235 3402 101).
1284 3317 1316 3381 Si

250 3445 471 3506 personarum,
507 3445 591 3506 quae
627 3427 657 3486 in
694 3425 810 3487 sabulis
838 3425 900 3488 hoc
925 3427 1032 3506 capite
1055 3427 1201 3488 tractatis
1225 3426 1315 3488 indu-

249 3543 372 3607 cuntur,
408 3535 565 3595 rationem
602 3533 820 3608 habuerimus
856 3535 954 3596 etiam
990 3534 1066 3594 inde
1089 3545 1145 3595 eas
1170 3533 1315 3596 nouicias

249 3661 321 3702 esse
345 3641 525 3721 apparebit,
551 3640 639 3722 quod
666 3638 825 3702 nonnullis
848 3643 997 3721 exceptis
1022 3639 1172 3702 animalia
1196 3651 1252 3703 aut
1276 3641 1318 3702 fa·
1396 3653 1398 3658 '
1480 3639 1485 3643 ⁴

249 3747 332 3810 bulis
356 3748 483 3828 Aesopi
508 3750 673 3828 incognita
698 3760 752 3810 aut
776 3749 808 3809 in
832 3748 870 3810 iis
894 3768 965 3809 rara
989 3749 1020 3810 in
1045 3768 1178 3810 scenam
1203 3750 1317 3830 prode·

248 3866 315 3917 unt.
364 3856 410 3917 Vt
438 3857 562 3917 ciconia
587 3854 715 3917 sabulae
745 3872 780 3935 13
807 3856 868 3918 hoc
892 3854 963 3917 solo
988 3854 1061 3917 loco
1086 3855 1249 3918 Babriano
1274 3857 1318 3916 in-

249 3964 436 4038 troducitur,
473 3963 561 4044 apud
598 3963 777 4025 Phaedrum
814 3963 893 4037 inl,
921 3963 962 4024 26
986 3964 1135 4038 occurrit,
1162 3983 1259 4044 quam
1286 3965 1317 4024 in

250 4069 377 4151 sylloge
402 4071 558 4152 Aesopea
581 4093 600 4132 a
625 4071 770 4132 Phaedro
795 4073 959 4133 inuentam
984 4091 1056 4134 esse
1072 4073 1132 4132 etsi
1146 4069 1317 4132 uerisimile

250 4189 308 4252 est,
354 4188 462 4239 tamen
507 4177 594 4239 nullo
634 4179 733 4239 modo
774 4167 958 4241 uetustioris
998 4180 1070 4240 aeui
1109 4189 1159 4241 est
1198 4177 1316 4239 fabula.

1251 4337 1284 4374 10
