3260 4882
633 373 876 453 ¹--103·--

243 608 323 653 esse.
374 588 478 650 Etiam
503 590 802 670 progymnasmatis
827 588 1044 668 Hermogenis
1065 590 1186 669 scripta
1203 589 1308 652 Theo·
1389 593 1390 598 ’

242 696 292 758 nis
326 697 462 758 cessisse
496 696 572 758 inde
607 695 824 777 colligendum
860 705 919 771 est,
956 697 1045 778 quod
1080 717 1179 777 quum
1215 696 1308 758 Theo

242 803 429 866 auctoribus
464 803 605 885 antiquis
633 803 728 866 nobis
752 804 878 866 traditis
903 804 956 866 uix
980 813 1077 866 notus
1102 803 1198 866 fuisse
1223 805 1308 866 uide-

242 920 302 985 tur,
340 911 558 992 Hermogenis
588 921 621 972 et
645 912 710 974 uita
735 912 911 992 et'scripta
935 909 1043 972 multis
1067 910 1146 974 locis
1170 933 1309 974 comme·

243 1028 409 1081 morantur
443 1017 494 1103 (cf.
531 1019 770 1081 Westermann.
808 1017 1003 1082 Geschichte
1026 1019 1085 1080 der
1108 1019 1309 1082 Beredtsam-

242 1127 318 1201 keit,
343 1147 419 1208 pag.
446 1143 509 1205 219
534 1137 566 1189 et
592 1127 677 1205 233),
704 1125 745 1188 ad
770 1146 867 1207 quarn
892 1147 959 1188 rem
984 1125 1211 1207 explicandam
1230 1129 1309 1189 satis

242 1235 416 1296 commode
451 1233 655 1314 Hoppichler
689 1253 765 1315 pag.
802 1251 845 1311 40
869 1234 1097 1296 animaduertit
1121 1234 1317 1310 hominibus

242 1343 430 1420 posterioris
468 1341 667 1422 antiquitatis
706 1341 812 1418 magis
850 1339 1010 1422 placuisse
1048 1342 1245 1422 compendia
1275 1354 1307 1406 et

242 1459 417 1530 praecepta
442 1449 583 1512 breuiter
606 1450 758 1530 exposita
781 1469 879 1530 quarn
896 1449 1045 1512 uberiora
1062 1460 1094 1512 et
1110 1451 1309 1532 accuratiora

242 1555 350 1637 qualia
380 1556 534 1619 Theonis.
583 1555 677 1637 Quae
702 1577 801 1637 quum
826 1557 871 1622 ita
894 1558 968 1631 sint,
994 1559 1177 1638 exspectari
1202 1559 1308 1639 potuit

243 1664 486 1744 Hermogenem
510 1665 620 1726 eiusue
644 1664 823 1728 imitatores
848 1665 957 1744 potius
974 1685 992 1726 a
1010 1664 1127 1727 Babrio
1144 1665 1309 1728 adhibitos

241 1791 313 1834 esse
346 1793 444 1853 quam
480 1770 660 1834 Theonem.
709 1772 757 1834 lta
791 1791 856 1834 non
893 1771 1012 1834 factum
1049 1793 1121 1835 esse
1153 1774 1185 1835 in
1222 1773 1308 1838 nulla

241 1878 303 1941 alia
338 1900 372 1941 re
404 1880 546 1960 positum
572 1900 644 1942 esse
668 1889 777 1960 potest
800 1900 909 1961 quarn,
936 1881 1024 1961 quod
1049 1880 1185 1943 Babrius
1209 1886 1307 1963 quum

242 1988 273 2049 in
298 1985 414 2050 fabulis
437 1987 504 2050 suis
527 1988 771 2052 conscribendis
796 1989 1017 2068 praeceptoris
1041 2009 1174 2051 munere
1196 1989 1307 2070 funga-

240 2104 300 2170 tur,
325 2095 525 2157 accuratiore
549 2115 648 2176 quam
672 2094 787 2176 uulgus
802 2095 915 2158 harum
934 2115 1039 2158 rerum
1056 2097 1191 2158 scientia
1208 2098 1307 2178 eguit.

241 2201 351 2284 Quum
376 2203 461 2264 enirn
483 2202 628 2264 Theonis
645 2214 935 2283 progymnasmata
952 2204 1057 2284 magis
1073 2225 1171 2285 quam
1188 2214 1309 2267 cetero·

241 2330 310 2372 rum
346 2331 437 2372 usum
474 2311 702 2390 magistrorum
733 2311 905 2391 respiciant
929 2313 1007 2391 (qua
1031 2311 1072 2373 de
1097 2333 1129 2374 re
1153 2311 1192 2374 cl.
1219 2313 1308 2395 Hop-

241 2417 372 2500 pichler.
409 2439 484 2499 pag.
522 2417 586 2502 40),
617 2417 709 2480 lacile
732 2429 782 2480 est
805 2417 982 2498 intelligere
1005 2440 1079 2482 eum
1104 2421 1308 2500 potissimum

241 2527 402 2588 rhetorem
438 2547 457 2588 a
488 2527 606 2589 Babrio
630 2528 673 2588 ad
696 2527 888 2589 imitandum
912 2538 1077 2608 sumptum
1102 2547 1174 2590 esse
1198 2549 1306 2609 posse.

241 2633 405 2715 Quoniam
441 2644 549 2696 autem
582 2642 874 2715 progymnasmata
897 2634 1059 2697 rhetorum
1085 2655 1151 2697 non
1175 2647 1242 2698 tam
1266 2637 1320 2697 ad·

240 2739 432 2822 argumenta
456 2761 542 2804 noua
565 2741 762 2804 inuenienda
785 2761 883 2822 quam
908 2743 950 2803 ad
974 2752 1085 2804 uetera
1102 2744 1307 2805 retractanda

241 2849 456 2930 pertinebant,
502 2848 622 2911 Babrio
668 2869 801 2912 necesse
839 2859 908 2912 erat
946 2849 1044 2910 etiam
1083 2849 1308 2912 collectionem

241 2955 419 3020 fabularum
455 2957 526 3019 usui
562 2955 725 3018 rhetorum
750 2957 978 3037 compositam,
1004 2957 1092 3019 unde
1116 2968 1308 3038 argumenta

156 3135 176 3149 ,
241 3075 375 3146 peteret,
411 3065 617 3145 inuestigare.
665 3065 733 3127 lam
770 3066 887 3126 monui.
916 3063 1063 3128 Crusium
1098 3065 1116 3128 l.
1150 3065 1168 3129 l.
1201 3069 1307 3129 causis

241 3174 440 3254 grauissimis
475 3172 651 3235 adductum
685 3173 863 3234 coniecisse
898 3179 1031 3252 po'e'tam
1066 3193 1138 3237 cum
1169 3174 1307 3236 Theone

241 3282 272 3344 in
308 3282 424 3344 eodem
459 3279 639 3344 fabularum
676 3289 709 3342 et
743 3280 968 3360 exemplorum
1004 3280 1094 3343 fonte
1117 3281 1305 3344 adhibendo

242 3389 456 3450 consensisse.
513 3387 592 3450 Alio
627 3398 736 3450 autem
772 3386 845 3449 loco
881 3386 986 3472 (Babr.
1022 3398 1084 3450 aet.
1121 3409 1196 3470 pag.
1232 3388 1307 3473 228)

241 3497 327 3558 idern
358 3477 405 3558 uir
428 3496 547 3558 doctus
571 3516 725 3576 magnum
751 3494 929 3558 fabularum
954 3515 1121 3558 numemm
1146 3497 1187 3557 ad
1213 3497 1307 3559 Nico-

241 3605 332 3666 strati
368 3602 608 3684 dec'amythiam
633 3602 774 3666 referens
798 3604 936 3665 coniecit
959 3623 1034 3665 eum
1059 3623 1078 3664 a
1101 3603 1221 3666 Babrio
1246 3606 1303 3685 pri·

241 3713 375 3774 marium
407 3712 528 3774 fontem
564 3710 701 3773 electum
739 3731 821 3785 esse,
853 3712 904 3773 cui
928 3712 1108 3772 sententiae
1131 3720 1241 3773 tamen
1265 3733 1309 3774 re-

240 3820 421 3882 sistendum
445 3840 517 3881 esse
540 3829 629 3900 puto.
661 3819 735 3900 Ipse
758 3819 845 3880 enim
869 3816 975 3880 locum
1000 3817 1121 3881 Suidae
1146 3820 1308 3899 quendam

240 3927 342 4001 affert,
367 3947 433 4007 quo
457 3927 660 3988 Nicostratus
684 3926 796 3988 Marco
820 3925 955 3988 Aurelio
972 3927 1167 4007 imperatore
1188 3927 1308 3988 uixisse

242 4035 366 4109 dicitur,
411 4035 497 4095 unde
544 4032 806 4096 concludendum
842 4045 893 4097 est
927 4054 1000 4096 eum
1037 4035 1134 4096 etiam
1173 4033 1308 4096 Hermo-

241 4143 342 4221 genis,
379 4162 397 4203 a
433 4162 497 4221 quo
531 4153 804 4204 commemoratur
828 4141 878 4226 (cs.
913 4141 1003 4204 Crus.
1029 4140 1047 4203 l.
1073 4140 1091 4202 l.
1120 4161 1195 4222 pag.
1223 4142 1307 4225 228),
