3244 4868
217 1043 336 1138 Quae
366 1064 388 1115 e
417 1043 568 1117 fabulis
597 1042 820 1117 Babrianis
850 1051 890 1114 et
918 1040 1194 1122 Phaedrianis
1218 1039 1280 1112 in-

246 1178 310 1243 ter
344 1189 389 1242 se
418 1168 673 1264 comparatis
702 1169 754 1241 de
782 1167 897 1240 fonte
925 1165 1074 1262 prioris
1103 1165 1246 1239 Babrii

540 1293 632 1401 libri
662 1293 750 1366 erui
779 1291 952 1388 possint.

325 1472 389 1552 Qui
425 1465 545 1552 scripta
581 1472 687 1533 Babrii
719 1490 751 1532 et
775 1471 911 1533 Phaedri
935 1472 1017 1533 inter
1039 1439 1075 1532 se
1099 1469 1279 1544 contulerit,

213 1601 285 1642 eum
317 1601 383 1642 non
409 1579 508 1660 fugiet
533 1599 688 1660 magnum
713 1579 885 1640 discrimen
909 1579 941 1639 in
965 1579 1036 1658 ipsa
1060 1578 1184 1639 ratione
1207 1579 1281 1640 scri·

212 1687 311 1750 bendi
324 1688 405 1748 inter
417 1686 478 1748 hos
493 1697 640 1748 auctores
654 1687 817 1748 interesse.
844 1685 1059 1748 Hausrathius
1073 1684 1092 1747 l.
1102 1683 1120 1747 l.
1132 1705 1206 1765 pag.
1217 1701 1278 1764 307

212 1794 440 1856 animaduertit
458 1793 635 1855 Phaedrum
654 1813 897 1873 nonnumquam
913 1791 1037 1855 fabulas
1051 1813 1124 1854 cum
1135 1793 1202 1854 uita
1215 1792 1279 1854 Ae·

212 1903 284 1982 sopi
302 1903 508 1981 coniungere,
528 1903 612 1962 unde
628 1901 785 1962 conclusit
803 1920 877 1962 eum
895 1900 1021 1963 fontem
1033 1899 1231 1973 adhibuisse,
1247 1900 1278 1962 in

202 2017 277 2090 'quo
290 2007 416 2071 fabulae
428 2009 470 2070 ad
484 2010 582 2070 uitam
597 2007 723 2086 Aesopi
736 2009 877 2069 directae
890 2006 941 2089 (cs.
952 2007 990 2080 ΙΙ,
1005 2007 1034 2090 3)
1049 2005 1274 2086 proferrentur.

213 2116 349 2178 Babrius
373 2137 472 2197 quum
497 2136 573 2177 suas
597 2113 723 2177 fabulas
740 2114 856 2177 liberas
872 2114 1015 2195 proferat
1033 2134 1138 2194 neque
1152 2113 1276 2194 Aesopi

212 2216 272 2285 uisi
296 2224 327 2284 in
353 2223 527 2303 prooemiis
551 2223 749 2285 mentionem
775 2221 880 2296 saciat,
907 2220 1025 2284 nullam
1051 2219 1148 2284 talem
1166 2221 1279 2284 admit·

211 2331 249 2392 tit
283 2331 513 2392 coniecturam.
573 2329 639 2392 Sed
675 2330 772 2391 etiam
809 2327 878 2392 aliis
913 2331 945 2390 in
989 2329 1085 2390 rebus
1123 2331 1206 2390 inter
1244 2349 1279 2390 se

211 2437 371 2500 differunt.
420 2436 557 2499 Babrius
578 2457 676 2518 quum
702 2437 878 2517 prooemiis
902 2437 1050 2517 exceptis
1074 2435 1161 2498 nullo
1186 2435 1279 2498 libro-

212 2565 281 2606 rum
311 2544 384 2606 loco
409 2545 480 2624 ipse
504 2545 651 2624 procedit
675 2564 813 2624 eamque
836 2544 880 2605 ob
906 2564 972 2606 rem
997 2543 1196 2624 exemplaria
1219 2563 1280 2606 sua

211 2653 241 2714 in
278 2653 452 2732 prooemiis
483 2651 560 2713 solis
584 2661 828 2726 commemorat,
855 2652 1020 2714 Phaedrus
1046 2653 1077 2712 in
1102 2651 1190 2713 libris
1214 2652 1280 2714 suis

210 2759 331 2840 ubique
366 2759 430 2820 fere
461 2760 634 2839 suiipsius
659 2760 858 2821 mentionem
883 2759 959 2822 iacit
983 2779 1120 2839 eamque
1143 2759 1187 2819 ob
1212 2779 1278 2822 rem

210 2888 228 2928 e
260 2867 389 2947 scriptis
424 2867 492 2928 eius
529 2865 629 2928 multa
663 2867 760 2928 etiam
798 2867 839 2928 de
875 2865 1116 2946 exemplaribus
1138 2867 1279 2929 auctoris

210 2975 278 3036 erui
310 2985 455 3054 possunt.
505 2972 612 3055 Quum
638 2984 744 3034 autem
771 2975 801 3034 in
828 2975 940 3054 primis
963 2973 1078 3036 saltem
1102 2973 1190 3036 libris
1214 2973 1278 3036 Ae-

209 3102 326 3162 sopum
359 3082 563 3162 potissimum
587 3091 752 3142 auctorem
777 3091 906 3142 secutus
930 3082 979 3155 sit,
1005 3080 1185 3162 loquacitas
1209 3083 1277 3144 eius

209 3190 306 3250 etiam
343 3190 384 3250 ad
420 3189 645 3252 condicionem
669 3187 881 3250 'collectionis
918 3190 1069 3269 antiquae
1102 3178 1277 3269 Aesopeae

209 3295 430 3359 illustrandam
466 3297 689 3358 adiumentum
714 3295 815 3357 affert.
865 3294 1034 3358 Vandaele
1059 3297 1090 3358 in
1116 3317 1277 3358 commen·

209 3405 331 3466 tatione
359 3402 451 3485 »Qua
475 3414 583 3466 mente
608 3403 753 3466 Phaeder
769 3401 903 3466 fabellas
919 3405 1100 3484 scripserit»
1122 3403 1275 3467 nonnulla

210 3510 278 3572 eius
316 3512 444 3591 generis
483 3509 635 3590 exempla
674 3509 813 3592 collegit,
854 3521 888 3572 ut
929 3531 1003 3591 pag.
1042 3527 1082 3589 32
1108 3510 1279 3592 leguntur:

214 3617 359 3698 »Aesopi
396 3616 529 3680 fabellas
560 3619 630 3698 ipse
654 3618 800 3680 Phaeder
822 3616 965 3680 declarat
993 3639 1151 3698 »paucasi
1180 3618 1276 3702 (Hav.

209 3742 261 3803 43,
293 3738 416 3803 14—15
442 3718 474 3787 et
501 3740 551 3804 77,
582 3723 630 3808 12)
655 3724 753 3788 luisse
776 3736 809 3788 et
839 3725 992 3788 »breuesi
1022 3726 1119 3806 (Hau.
1145 3743 1191 3801 11,
1211 3728 1276 3804 3);›>

209 3833 328 3894 deinde
352 3833 492 3895 breuiter
516 3835 557 3894 de
581 3833 619 3894 iis
643 3831 759 3896 sabulis
783 3834 948 3913 prosaicis,
975 3853 1059 3914 quae
1075 3834 1117 3896 ad
1135 3818 1278 3897 nostram

207 3951 350 4002 aetatem
375 3951 600 4020 peruenerunt,
626 3939 754 4002 locutus
778 3941 898 4022 pergit:
928 3939 1028 4002 »Illud
1054 3961 1132 4003 uero
1149 3941 1279 4016 scimus,

207 4047 338 4128 Aesopi
363 4045 457 4128 logos
481 4049 711 4128 compendium
737 4049 903 4128 quoddam
929 4048 1028 4110 suisse
1053 4047 1280 4128 philosophiae

209 4155 339 4220 moralis
366 4176 403 4223 ac
428 4153 578 4240 uulgaris,
604 4175 727 4246 eosque
753 4176 816 4222 uon
842 4156 901 4221 nisi
926 4156 968 4222 ad
992 4156 1161 4221 docendos
1177 4155 1277 4220 homi·
