3260 4882
679 390 878 452 -1,9..

244 609 319 652 narn
355 608 427 650 esse
461 587 589 650 efficere
613 587 772 650 uidentur.
821 587 982 669 Exempla
1006 589 1103 662 enim,
1129 607 1213 668 quae
1238 607 1310 668 pro·

243 697 346 772 duxit,
387 696 496 758 omnia
535 715 574 758 ea
608 706 693 772 sunt,
731 715 814 778 quae
849 715 948 776 quum
972 697 1011 758 iis
1035 695 1240 770 dictionibus,
1265 695 1308 756 de

244 803 360 885 quibus
394 804 426 866 in
462 801 578 866 fabulis
610 805 648 882 85
675 813 709 866 et
731 815 772 883 95
798 803 976 866 tractandis
1000 812 1109 865 actum
1133 813 1191 878 est,
1216 801 1311 864 simil·

243 911 319 976 lima
342 912 414 986 sint,
440 911 472 974 id
496 921 622 974 tantum
647 911 798 974 euincant
822 911 1039 972 narrationem
1057 907 1184 972 fabulae
1201 920 1312 988 exten·

242 1039 312 1082 sam
347 1039 427 1082 esse.
477 1018 577 1100 Quod
615 1019 701 1080 enirn
737 1018 967 1080 animaduertit
1005 1036 1090 1080 »non
1114 1015 1219 1080 solum
1245 1016 1309 1080 late

243 1127 378 1208 fuseque
413 1124 567 1207 pleraque
602 1127 675 1200 dici,
711 1127 769 1187 sed
805 1126 902 1187 etiam
936 1124 1155 1188 locutionibus
1178 1126 1311 1187 nimium

242 1235 404 1298 arcessitis
439 1255 477 1297 ac
512 1235 694 1297 doctrinam
731 1231 985 1307 redolentibus»,
1023 1233 1086 1295 iam
1111 1252 1209 1313 supra
1233 1212 1311 1294 uidi·

243 1363 315 1404 mus
338 1362 377 1404 ea
400 1343 494 1423 signa
518 1361 589 1404 esse
613 1339 794 1404 fabularum
817 1351 887 1403 arte
911 1340 1074 1402 rhetorum
1092 1348 1310 1402 extensarum.

243 1450 358 1531 Neque
393 1470 426 1512 re
460 1469 537 1512 uera
572 1447 787 1530 improbabile
811 1448 888 1510 mihi
912 1467 984 1510 esse
1007 1448 1136 1512 uidetur
1159 1447 1311 1510 Babrium

212 1629 214 1636 y
242 1558 333 1620 utin
358 1555 468 1620 fabula
492 1558 544 1636 85,
569 1557 614 1618 ita
637 1557 733 1619 etiarn
760 1557 792 1619 in
816 1555 877 1618 hac
899 1565 1076 1636 praecepto
1093 1553 1136 1617 illi
1153 1554 1308 1630 Theonis,

243 1666 332 1746 quod
366 1674 415 1728 est
447 1665 490 1726 de
513 1663 668 1746 allegoria
692 1663 758 1744 (W.
785 1663 808 1738 Ι,
833 1683 865 1744 p.
896 1664 954 1742 185
981 1661 1000 1724 l.
1027 1665 1092 1742 20),
1117 1663 1310 1726 conuenien-

242 1782 292 1836 ter
324 1771 440 1837 sedulo
476 1773 693 1835 narrationem
729 1781 761 1834 et
795 1770 967 1833 obscuram
999 1781 1032 1832 et
1054 1769 1159 1832 fusam
1184 1770 1307 1834 iecisse.

242 1879 312 1944 Etsi
335 1899 417 1962 quas
440 1879 673 1961 Hertzbergius
697 1888 729 1942 et
753 1878 986 1940 Boissonadius
1009 1880 1159 1959 (quorum
1186 1879 1309 1940 coniec-

242 1998 330 2050 turas
365 1998 490 2051 tantum
515 2008 557 2050 ex
581 1986 663 2050 libro
687 1986 792 2049 Crusii
815 1986 971 2067 cognoui)
996 1983 1199 2067 protulerunt
1223 1984 1311 2049 sabu-

242 2095 293 2158 lae
326 2094 561 2177 explicationes
596 2093 796 2176 allegoricas,
832 2093 964 2158 Crusius
988 2092 1007 2156 l.
1032 2092 1051 2156 l.
1077 2114 1108 2174 p.
1138 2109 1198 2172 142
1223 2093 1312 2156 resel-

242 2203 317 2266 lisse
340 2213 459 2285 potest,
485 2223 551 2266 non
575 2203 651 2265 inde
671 2203 816 2284 sequitur
833 2202 967 2264 omnino
985 2199 1105 2265 nullam
1121 2202 1310 2282 interpreta-

242 2313 364 2376 tionem
411 2310 618 2393 allegoricam
666 2311 770 2392 accipi
817 2330 924 2391 posse.
988 2307 1176 2388 Allegoriae
1222 2318 1309 2372 certe

242 2415 370 2496 indicia,
406 2440 490 2500 quae
525 2428 761 2482 commemorat
795 2418 899 2491 Theo,
935 2417 1010 2480 huic
1046 2415 1176 2480 fabulae
1207 2418 1312 2480 inesse

242 2527 280 2589 iis
314 2527 394 2607 ipsis
423 2525 592 2608 exemplis,
617 2546 701 2607 quae
725 2526 768 2588 ad
792 2523 934 2588 fabulam
958 2525 1103 2606 spuriam
1127 2544 1199 2588 esse
1223 2545 1311 2588 com-

241 2634 445 2716 probandam
468 2634 604 2696 adhibet
628 2634 786 2707 Hochius‚
812 2630 943 2714 planum
968 2632 1036 2694 fieri
1058 2634 1167 2696 credo.
1186 2633 1312 2696 Priscae

241 2761 261 2804 a
295 2742 414 2804 Babrio
449 2742 482 2804 in
517 2741 578 2806 hac
613 2741 799 2804 narratione
833 2740 995 2802 admissae
1029 2739 1212 2803 locutiones
1235 2751 1311 2804 sunt

241 2868 353 2914 uersus
378 2864 396 2929 7
421 2848 555 2912 uerbum
583 2850 741 2930 sorliatur,
771 2848 859 2929 quod
881 2846 1119 2928 significatione
1137 2847 1312 2911 Homerica

241 2956 372 3020 subdita
396 2955 528 3037 proferri
553 2955 634 3018 uidit
658 2955 817 3030 Hochius‚
842 2953 895 3036 (cs.
921 2955 1019 3018 etiam
1042 2954 1219 3018 Zachariae
1242 2955 1261 3019 l.
1286 2955 1306 3020 l.

241 3085 274 3147 p.
292 3063 334 3149 4),
351 3073 384 3126 et
400 3083 481 3128 uers
500 3065 519 3126 8
536 3063 732 3128 adiectiuum
750 3060 955 3144 »buphpngu
970 3062 1059 3144 quod
1072 3063 1114 3124 ad
1128 3063 1310 3126 Homerum

242 3170 318 3257 (Od.
357 3172 397 3246 X,
439 3172 517 3250 362)
556 3171 718 3252 pertinere
756 3181 843 3232 recte
879 3171 1000 3232 statuit.
1048 3169 1180 3233 Po'e'tica
1212 3191 1310 3252 porro

243 3280 330 3343 haud
353 3279 452 3342 dubie
476 3276 625 3342 consulto
651 3279 799 3342 immixta
823 3289 900 3341 sunt
923 3279 1017 3341 haec:
1043 3298 1125 3342 uers.
1153 3295 1170 3357 3
1200 3277 1306 3360 iouh»

243 3388 483 3452 substantiuum
508 3397 540 3450 et
564 3407 646 3450 uers.
676 3399 690 3465 5
713 3386 875 3468 »lupum
896 3387 1095 3462 aduerbium‚
1113 3406 1198 3468 quae
1214 3407 1308 3448 uoca-

242 3493 318 3558 bula
342 3495 510 3558 Pindarica
534 3515 607 3558 esse
631 3504 717 3556 recte
741 3495 876 3557 monuit.
917 3494 1050 3557 Nouitia
1073 3495 1214 3575 denique
1238 3515 1308 3577 pro-

243 3602 308 3666 lata
320 3624 392 3666 esse
404 3624 485 3676 uers.
500 3605 521 3666 6
534 3603 668 3665 uerbum
685 3601 999 3678 »ourouhsteohuuu
1011 3602 1053 3664 de
1064 3623 1129 3684 quo
1140 3602 1180 3664 cs.
1193 3603 1312 3666 Zacha-

243 3712 308 3774 riae
332 3710 350 3774 l.
375 3710 394 3774 l.
418 3732 450 3792 p.
470 3725 521 3790 25,
539 3721 572 3774 et
587 3731 669 3773 uers.
693 3725 728 3791 15
747 3711 942 3774 adiectiuum
963 3707 1205 3791 >>γεόδρομος»,
1223 3710 1312 3791 quod

242 3819 324 3882 inter
340 3819 432 3892 ἅπαξ
448 3817 610 3901 εἰρημένα
622 3820 731 3900 posuit
744 3818 920 3881 Zachariae
932 3839 963 3899 p.
984 3833 1033 3897 17,
1046 3817 1311 3882 uerisimiilimum

243 3947 314 3991 esse
350 3927 485 3990 uidetur.
532 3926 797 4007 Prosopopoeiae
829 3925 1040 4007 amplificatio
1064 3926 1096 3988 in
1120 3926 1181 3990 hac
1205 3927 1312 3990 minus

243 4054 340 4115 quam
375 4035 407 4096 in
442 4053 540 4114 supra
574 4035 720 4098 tractatis
755 4033 873 4096 fabulis
907 4035 1054 4110 cernitur,
1088 4035 1179 4116 quod
1202 4045 1311 4098 tamen

243 4143 352 4204 nescio
388 4162 429 4203 an
453 4142 515 4222 ipsi
539 4149 658 4223 po'etae
682 4162 748 4204 non
772 4142 998 4206 ascribendum
1016 4143 1066 4217 sit,
1084 4161 1184 4222 quum
1202 4141 1310 4206 Fabula
