<?xml version="1.0" encoding="UTF-8"?>
<!DOCTYPE html PUBLIC "-//W3C//DTD XHTML 1.0 Transitional//EN"
    "http://www.w3.org/TR/xhtml1/DTD/xhtml1-transitional.dtd">
<html xmlns="http://www.w3.org/1999/xhtml" xml:lang="en" lang="en">
 <head>
  <title>
</title>
<meta http-equiv="Content-Type" content="text/html;charset=utf-8" />
  <meta name='ocr-system' content='tesseract 3.04.00' />
  <meta name='ocr-capabilities' content='ocr_page ocr_carea ocr_par ocr_line ocrx_word'/>
</head>
<body>
  <div class='ocr_page' id='page_1' title='image "./stvdiadefontibv00chrigoog_0050.png"; bbox 0 0 3244 4868; ppageno 0'>
   <div class='ocr_carea' id='block_1_1' title="bbox 774 365 952 425">
    <p class='ocr_par' dir='ltr' id='par_1_1' title="bbox 774 365 952 425">
     <span class='ocr_line' id='line_1_1' title="bbox 774 365 952 425; baseline 0 -31"><span class='ocrx_word' id='word_1_1' title='bbox 774 365 952 425; x_wconf 66' lang='grc' dir='ltr'>,4ο-</span> 
     </span>
    </p>
   </div>
   <div class='ocr_carea' id='block_1_2' title="bbox 329 559 1397 1287">
    <p class='ocr_par' dir='ltr' id='par_1_2' title="bbox 329 559 1397 1287">
     <span class='ocr_line' id='line_1_2' title="bbox 329 559 1396 644; baseline -0.005 -19"><span class='ocrx_word' id='word_1_2' title='bbox 329 563 367 625; x_wconf 90' lang='lat' dir='ltr'>lis</span> <span class='ocrx_word' id='word_1_3' title='bbox 383 564 690 644; x_wconf 87' lang='lat' dir='ltr'>comparauerimus,</span> <span class='ocrx_word' id='word_1_4' title='bbox 707 581 791 644; x_wconf 90' lang='lat' dir='ltr'>quae</span> <span class='ocrx_word' id='word_1_5' title='bbox 807 561 957 643; x_wconf 89' lang='lat' dir='ltr'>leguntur</span> <span class='ocrx_word' id='word_1_6' title='bbox 972 562 1003 622; x_wconf 91' lang='lat' dir='ltr'>in</span> <span class='ocrx_word' id='word_1_7' title='bbox 1017 559 1207 624; x_wconf 80' lang='lat' dir='ltr'><strong>collectione</strong></span> <span class='ocrx_word' id='word_1_8' title='bbox 1221 559 1396 622; x_wconf 87' lang='lat' dir='ltr'>Halmiana</span> 
     </span>
     <span class='ocr_line' id='line_1_3' title="bbox 331 664 1395 751; baseline -0.006 -17"><span class='ocrx_word' id='word_1_9' title='bbox 331 685 396 751; x_wconf 88' lang='lat'>274</span> <span class='ocrx_word' id='word_1_10' title='bbox 419 680 452 732; x_wconf 89' lang='lat' dir='ltr'>et</span> <span class='ocrx_word' id='word_1_11' title='bbox 477 664 564 750; x_wconf 76' lang='lat'>274⁶,</span> <span class='ocrx_word' id='word_1_12' title='bbox 589 672 671 731; x_wconf 91' lang='lat' dir='ltr'>duas</span> <span class='ocrx_word' id='word_1_13' title='bbox 695 667 824 732; x_wconf 89' lang='lat' dir='ltr'>fabulae</span> <span class='ocrx_word' id='word_1_14' title='bbox 843 669 965 731; x_wconf 86' lang='lat' dir='ltr'>formas</span> <span class='ocrx_word' id='word_1_15' title='bbox 981 669 1078 730; x_wconf 82' lang='lat' dir='ltr'>luisse</span> <span class='ocrx_word' id='word_1_16' title='bbox 1093 668 1285 732; x_wconf 89' lang='lat' dir='ltr'>uidebimus.</span> <span class='ocrx_word' id='word_1_17' title='bbox 1310 667 1395 728; x_wconf 85' lang='lat' dir='ltr'>Nam</span> 
     </span>
     <span class='ocr_line' id='line_1_4' title="bbox 331 771 1394 857; baseline -0.002 -18"><span class='ocrx_word' id='word_1_18' title='bbox 331 775 439 839; x_wconf 87' lang='lat' dir='ltr'><strong>Halm.</strong></span> <span class='ocrx_word' id='word_1_19' title='bbox 466 793 530 857; x_wconf 86' lang='lat'>274</span> <span class='ocrx_word' id='word_1_20' title='bbox 554 797 627 838; x_wconf 93' lang='lat' dir='ltr'>cum</span> <span class='ocrx_word' id='word_1_21' title='bbox 644 776 806 838; x_wconf 89' lang='lat' dir='ltr'>Babriana</span> <span class='ocrx_word' id='word_1_22' title='bbox 823 778 981 857; x_wconf 86' lang='lat' dir='ltr'>congruit,</span> <span class='ocrx_word' id='word_1_23' title='bbox 1001 771 1077 856; x_wconf 75' lang='lat'>274⁶</span> <span class='ocrx_word' id='word_1_24' title='bbox 1095 795 1168 838; x_wconf 90' lang='lat' dir='ltr'>cum</span> <span class='ocrx_word' id='word_1_25' title='bbox 1185 775 1394 837; x_wconf 88' lang='lat' dir='ltr'>Phaedriana.</span> 
     </span>
     <span class='ocr_line' id='line_1_5' title="bbox 330 883 1395 966; baseline -0.002 -20"><span class='ocrx_word' id='word_1_26' title='bbox 330 885 495 966; x_wconf 82' lang='lat' dir='ltr'><strong>Quoniam</strong></span> <span class='ocrx_word' id='word_1_27' title='bbox 519 885 616 966; x_wconf 92' lang='lat' dir='ltr'>igitur</span> <span class='ocrx_word' id='word_1_28' title='bbox 640 884 743 946; x_wconf 81' lang='lat' dir='ltr'>forma</span> <span class='ocrx_word' id='word_1_29' title='bbox 760 883 887 947; x_wconf 85' lang='lat' dir='ltr'>fabulae</span> <span class='ocrx_word' id='word_1_30' title='bbox 903 883 1125 946; x_wconf 88' lang='lat' dir='ltr'>Phaedrianae</span> <span class='ocrx_word' id='word_1_31' title='bbox 1141 902 1258 964; x_wconf 86' lang='lat' dir='ltr'>graeca</span> <span class='ocrx_word' id='word_1_32' title='bbox 1273 883 1395 956; x_wconf 87' lang='lat' dir='ltr'>subest,</span> 
     </span>
     <span class='ocr_line' id='line_1_6' title="bbox 330 989 1397 1074; baseline -0.002 -20"><span class='ocrx_word' id='word_1_33' title='bbox 330 1013 396 1054; x_wconf 91' lang='lat' dir='ltr'>non</span> <span class='ocrx_word' id='word_1_34' title='bbox 431 1001 540 1074; x_wconf 91' lang='lat' dir='ltr'>potest</span> <span class='ocrx_word' id='word_1_35' title='bbox 576 1012 595 1054; x_wconf 90' lang='lat' dir='ltr'>a</span> <span class='ocrx_word' id='word_1_36' title='bbox 630 991 777 1066; x_wconf 88' lang='lat' dir='ltr'>Phaedro</span> <span class='ocrx_word' id='word_1_37' title='bbox 813 1001 965 1073; x_wconf 89' lang='lat' dir='ltr'>corrupta</span> <span class='ocrx_word' id='word_1_38' title='bbox 991 1011 1072 1053; x_wconf 90' lang='lat' dir='ltr'>esse.</span> <span class='ocrx_word' id='word_1_39' title='bbox 1120 989 1277 1071; x_wconf 84' lang='lat' dir='ltr'><strong>Quaestio</strong></span> <span class='ocrx_word' id='word_1_40' title='bbox 1301 991 1397 1070; x_wconf 88' lang='lat' dir='ltr'>igitur</span> 
     </span>
     <span class='ocr_line' id='line_1_7' title="bbox 330 1096 1394 1179; baseline -0.004 -17"><span class='ocrx_word' id='word_1_41' title='bbox 330 1110 380 1162; x_wconf 93' lang='lat' dir='ltr'>est</span> <span class='ocrx_word' id='word_1_42' title='bbox 405 1110 508 1162; x_wconf 91' lang='lat' dir='ltr'>utram</span> <span class='ocrx_word' id='word_1_43' title='bbox 532 1100 754 1161; x_wconf 82' lang='lat' dir='ltr'>recensionem</span> <span class='ocrx_word' id='word_1_44' title='bbox 777 1100 992 1179; x_wconf 83' lang='lat' dir='ltr'>antiquiorem</span> <span class='ocrx_word' id='word_1_45' title='bbox 1017 1118 1089 1160; x_wconf 92' lang='lat' dir='ltr'>esse</span> <span class='ocrx_word' id='word_1_46' title='bbox 1112 1117 1313 1160; x_wconf 82' lang='lat' dir='ltr'>censeamus,</span> <span class='ocrx_word' id='word_1_47' title='bbox 1361 1096 1394 1160; x_wconf 91' lang='lat' dir='ltr'>Si</span> 
     </span>
     <span class='ocr_line' id='line_1_8' title="bbox 330 1204 1395 1287; baseline -0.004 -19"><span class='ocrx_word' id='word_1_48' title='bbox 330 1208 435 1287; x_wconf 87' lang='lat' dir='ltr'>ipsam</span> <span class='ocrx_word' id='word_1_49' title='bbox 452 1207 610 1269; x_wconf 91' lang='lat' dir='ltr'>rationem</span> <span class='ocrx_word' id='word_1_50' title='bbox 628 1204 806 1268; x_wconf 89' lang='lat' dir='ltr'>fabularum</span> <span class='ocrx_word' id='word_1_51' title='bbox 824 1207 1056 1267; x_wconf 90' lang='lat' dir='ltr'>narrandarum</span> <span class='ocrx_word' id='word_1_52' title='bbox 1073 1205 1395 1280; x_wconf 76' lang='lat' dir='ltr'>considerauerimuS,</span> 
     </span>
    </p>
   </div>
   <div class='ocr_carea' id='block_1_3' title="bbox 329 1311 1431 4187">
    <p class='ocr_par' dir='ltr' id='par_1_3' title="bbox 329 1311 1431 2467">
     <span class='ocr_line' id='line_1_9' title="bbox 330 1311 1396 1395; baseline -0.003 -20"><span class='ocrx_word' id='word_1_53' title='bbox 330 1314 502 1395; x_wconf 87' lang='lat' dir='ltr'>apparebit</span> <span class='ocrx_word' id='word_1_54' title='bbox 527 1334 603 1388; x_wconf 92' lang='lat' dir='ltr'>rem,</span> <span class='ocrx_word' id='word_1_55' title='bbox 625 1333 710 1394; x_wconf 90' lang='lat' dir='ltr'>quae</span> <span class='ocrx_word' id='word_1_56' title='bbox 726 1314 860 1374; x_wconf 86' lang='lat' dir='ltr'>maximi</span> <span class='ocrx_word' id='word_1_57' title='bbox 877 1324 926 1374; x_wconf 91' lang='lat' dir='ltr'>est</span> <span class='ocrx_word' id='word_1_58' title='bbox 942 1313 1108 1388; x_wconf 87' lang='lat' dir='ltr'>momenti,</span> <span class='ocrx_word' id='word_1_59' title='bbox 1126 1333 1224 1393; x_wconf 92' lang='lat' dir='ltr'>quum</span> <span class='ocrx_word' id='word_1_60' title='bbox 1241 1333 1261 1375; x_wconf 91' lang='lat' dir='ltr'>a</span> <span class='ocrx_word' id='word_1_61' title='bbox 1278 1311 1396 1373; x_wconf 84' lang='lat' dir='ltr'>Babrio</span> 
     </span>
     <span class='ocr_line' id='line_1_10' title="bbox 330 1419 1396 1499; baseline -0.002 -17"><span class='ocrx_word' id='word_1_62' title='bbox 330 1431 362 1483; x_wconf 93' lang='lat' dir='ltr'>et</span> <span class='ocrx_word' id='word_1_63' title='bbox 385 1430 518 1483; x_wconf 92' lang='lat' dir='ltr'>auctore</span> <span class='ocrx_word' id='word_1_64' title='bbox 543 1420 669 1483; x_wconf 89' lang='lat' dir='ltr'>fabulae</span> <span class='ocrx_word' id='word_1_65' title='bbox 693 1419 887 1483; x_wconf 89' lang='lat' dir='ltr'>Halmianae</span> <span class='ocrx_word' id='word_1_66' title='bbox 912 1435 975 1499; x_wconf 88' lang='lat'>274</span> <span class='ocrx_word' id='word_1_67' title='bbox 999 1421 1120 1482; x_wconf 92' lang='lat' dir='ltr'>omissa</span> <span class='ocrx_word' id='word_1_68' title='bbox 1144 1421 1194 1494; x_wconf 90' lang='lat' dir='ltr'>sit,</span> <span class='ocrx_word' id='word_1_69' title='bbox 1214 1439 1234 1480; x_wconf 91' lang='lat' dir='ltr'>a</span> <span class='ocrx_word' id='word_1_70' title='bbox 1249 1419 1396 1481; x_wconf 90' lang='lat' dir='ltr'>Phaedro</span> 
     </span>
     <span class='ocr_line' id='line_1_11' title="bbox 330 1523 1431 1609; baseline -0.002 -19"><span class='ocrx_word' id='word_1_71' title='bbox 330 1538 363 1590; x_wconf 91' lang='lat' dir='ltr'>et</span> <span class='ocrx_word' id='word_1_72' title='bbox 387 1526 495 1590; x_wconf 93' lang='lat' dir='ltr'>Halm.</span> <span class='ocrx_word' id='word_1_73' title='bbox 523 1523 600 1607; x_wconf 72' lang='lat' dir='ltr'>274l</span> <span class='ocrx_word' id='word_1_74' title='bbox 624 1529 656 1589; x_wconf 92' lang='lat' dir='ltr'>in</span> <span class='ocrx_word' id='word_1_75' title='bbox 682 1529 753 1609; x_wconf 91' lang='lat' dir='ltr'>ipso</span> <span class='ocrx_word' id='word_1_76' title='bbox 778 1529 867 1589; x_wconf 88' lang='lat' dir='ltr'>initio</span> <span class='ocrx_word' id='word_1_77' title='bbox 885 1527 1013 1589; x_wconf 91' lang='lat' dir='ltr'>sabulae</span> <span class='ocrx_word' id='word_1_78' title='bbox 1030 1529 1170 1609; x_wconf 90' lang='lat' dir='ltr'>positam</span> <span class='ocrx_word' id='word_1_79' title='bbox 1187 1547 1268 1588; x_wconf 89' lang='lat' dir='ltr'>esse.</span> <span class='ocrx_word' id='word_1_80' title='bbox 1298 1525 1396 1607; x_wconf 84' lang='lat' dir='ltr'>Quod</span> <span class='ocrx_word' id='word_1_81' title='bbox 1426 1542 1431 1552; x_wconf 88' lang='lat'><strong>·</strong></span> 
     </span>
     <span class='ocr_line' id='line_1_12' title="bbox 330 1634 1396 1716; baseline 0 -20"><span class='ocrx_word' id='word_1_82' title='bbox 330 1636 418 1715; x_wconf 85' lang='lat' dir='ltr'>apud</span> <span class='ocrx_word' id='word_1_83' title='bbox 442 1635 622 1697; x_wconf 88' lang='lat' dir='ltr'>Phaedrum</span> <span class='ocrx_word' id='word_1_84' title='bbox 646 1634 741 1715; x_wconf 88' lang='lat' dir='ltr'>lupus</span> <span class='ocrx_word' id='word_1_85' title='bbox 766 1636 843 1697; x_wconf 88' lang='lat' dir='ltr'>dicit</span> <span class='ocrx_word' id='word_1_86' title='bbox 867 1655 997 1716; x_wconf 86' lang='lat' dir='ltr'>agnum,</span> <span class='ocrx_word' id='word_1_87' title='bbox 1015 1655 1114 1715; x_wconf 91' lang='lat' dir='ltr'>quum</span> <span class='ocrx_word' id='word_1_88' title='bbox 1132 1634 1261 1696; x_wconf 86' lang='lat' dir='ltr'>inferior</span> <span class='ocrx_word' id='word_1_89' title='bbox 1278 1635 1310 1697; x_wconf 91' lang='lat' dir='ltr'>in</span> <span class='ocrx_word' id='word_1_90' title='bbox 1328 1635 1396 1716; x_wconf 88' lang='lat' dir='ltr'>ripa</span> 
     </span>
     <span class='ocr_line' id='line_1_13' title="bbox 329 1742 1397 1823; baseline 0 -20"><span class='ocrx_word' id='word_1_91' title='bbox 329 1752 439 1818; x_wconf 92' lang='lat' dir='ltr'>staret,</span> <span class='ocrx_word' id='word_1_92' title='bbox 475 1742 692 1805; x_wconf 90' lang='lat' dir='ltr'>turbulentam</span> <span class='ocrx_word' id='word_1_93' title='bbox 728 1743 788 1803; x_wconf 89' lang='lat' dir='ltr'>sibi</span> <span class='ocrx_word' id='word_1_94' title='bbox 821 1742 935 1804; x_wconf 83' lang='lat' dir='ltr'>secisse</span> <span class='ocrx_word' id='word_1_95' title='bbox 958 1763 1086 1823; x_wconf 92' lang='lat' dir='ltr'>aquam,</span> <span class='ocrx_word' id='word_1_96' title='bbox 1112 1743 1145 1803; x_wconf 91' lang='lat' dir='ltr'>id</span> <span class='ocrx_word' id='word_1_97' title='bbox 1169 1742 1247 1804; x_wconf 91' lang='lat' dir='ltr'>mihi</span> <span class='ocrx_word' id='word_1_98' title='bbox 1271 1742 1397 1804; x_wconf 93' lang='lat' dir='ltr'>uidetur</span> 
     </span>
     <span class='ocr_line' id='line_1_14' title="bbox 330 1849 1398 1931; baseline -0.002 -19"><span class='ocrx_word' id='word_1_99' title='bbox 330 1851 423 1930; x_wconf 93' lang='lat' dir='ltr'>quasi</span> <span class='ocrx_word' id='word_1_100' title='bbox 458 1859 556 1931; x_wconf 89' lang='lat' dir='ltr'>caput</span> <span class='ocrx_word' id='word_1_101' title='bbox 592 1851 691 1911; x_wconf 90' lang='lat' dir='ltr'>totius</span> <span class='ocrx_word' id='word_1_102' title='bbox 726 1849 855 1911; x_wconf 80' lang='lat' dir='ltr'>fabulae</span> <span class='ocrx_word' id='word_1_103' title='bbox 890 1870 971 1923; x_wconf 88' lang='lat' dir='ltr'>esse,</span> <span class='ocrx_word' id='word_1_104' title='bbox 1008 1851 1096 1930; x_wconf 93' lang='lat' dir='ltr'>quod</span> <span class='ocrx_word' id='word_1_105' title='bbox 1130 1870 1229 1930; x_wconf 90' lang='lat' dir='ltr'>quum</span> <span class='ocrx_word' id='word_1_106' title='bbox 1254 1850 1398 1910; x_wconf 89' lang='lat' dir='ltr'>omiserit</span> 
     </span>
     <span class='ocr_line' id='line_1_15' title="bbox 331 1956 1397 2037; baseline 0 -19"><span class='ocrx_word' id='word_1_107' title='bbox 331 1956 439 2019; x_wconf 88' lang='lat' dir='ltr'>fabula</span> <span class='ocrx_word' id='word_1_108' title='bbox 473 1957 644 2031; x_wconf 88' lang='lat' dir='ltr'>Babriana,</span> <span class='ocrx_word' id='word_1_109' title='bbox 679 1977 745 2018; x_wconf 93' lang='lat' dir='ltr'>non</span> <span class='ocrx_word' id='word_1_110' title='bbox 770 1968 878 2037; x_wconf 89' lang='lat' dir='ltr'>potest</span> <span class='ocrx_word' id='word_1_111' title='bbox 902 1957 1038 2018; x_wconf 88' lang='lat' dir='ltr'>sormam</span> <span class='ocrx_word' id='word_1_112' title='bbox 1063 1957 1277 2037; x_wconf 87' lang='lat' dir='ltr'>antiquiorem</span> <span class='ocrx_word' id='word_1_113' title='bbox 1302 1956 1397 2018; x_wconf 88' lang='lat' dir='ltr'>nobis</span> 
     </span>
     <span class='ocr_line' id='line_1_16' title="bbox 331 2063 1396 2145; baseline 0 -20"><span class='ocrx_word' id='word_1_114' title='bbox 331 2065 522 2145; x_wconf 89' lang='lat' dir='ltr'>exprimere.</span> <span class='ocrx_word' id='word_1_115' title='bbox 571 2064 632 2126; x_wconf 93' lang='lat' dir='ltr'>His</span> <span class='ocrx_word' id='word_1_116' title='bbox 649 2066 754 2126; x_wconf 89' lang='lat' dir='ltr'>causis</span> <span class='ocrx_word' id='word_1_117' title='bbox 771 2064 931 2126; x_wconf 88' lang='lat' dir='ltr'>adductus</span> <span class='ocrx_word' id='word_1_118' title='bbox 947 2065 1044 2126; x_wconf 89' lang='lat' dir='ltr'>credo</span> <span class='ocrx_word' id='word_1_119' title='bbox 1062 2065 1242 2127; x_wconf 88' lang='lat' dir='ltr'>Phaedrum</span> <span class='ocrx_word' id='word_1_120' title='bbox 1260 2063 1396 2126; x_wconf 89' lang='lat' dir='ltr'>sormam</span> 
     </span>
     <span class='ocr_line' id='line_1_17' title="bbox 331 2169 1398 2254; baseline 0 -22"><span class='ocrx_word' id='word_1_121' title='bbox 331 2169 459 2232; x_wconf 87' lang='lat' dir='ltr'>fabulae</span> <span class='ocrx_word' id='word_1_122' title='bbox 494 2191 571 2232; x_wconf 90' lang='lat' dir='ltr'>uere</span> <span class='ocrx_word' id='word_1_123' title='bbox 604 2171 780 2252; x_wconf 87' lang='lat' dir='ltr'>Aesopeae</span> <span class='ocrx_word' id='word_1_124' title='bbox 815 2171 970 2247; x_wconf 90' lang='lat' dir='ltr'>attulisse,</span> <span class='ocrx_word' id='word_1_125' title='bbox 1006 2191 1112 2254; x_wconf 89' lang='lat' dir='ltr'>neque</span> <span class='ocrx_word' id='word_1_126' title='bbox 1146 2173 1225 2234; x_wconf 91' lang='lat' dir='ltr'>satis</span> <span class='ocrx_word' id='word_1_127' title='bbox 1259 2172 1327 2234; x_wconf 91' lang='lat' dir='ltr'>scio</span> <span class='ocrx_word' id='word_1_128' title='bbox 1356 2191 1398 2234; x_wconf 90' lang='lat' dir='ltr'>an</span> 
     </span>
     <span class='ocr_line' id='line_1_18' title="bbox 331 2276 1397 2360; baseline 0.002 -22"><span class='ocrx_word' id='word_1_129' title='bbox 331 2277 440 2340; x_wconf 85' lang='lat' dir='ltr'>sabula</span> <span class='ocrx_word' id='word_1_130' title='bbox 476 2276 650 2340; x_wconf 90' lang='lat' dir='ltr'>Halmiana</span> <span class='ocrx_word' id='word_1_131' title='bbox 683 2292 756 2358; x_wconf 86' lang='lat'>274,</span> <span class='ocrx_word' id='word_1_132' title='bbox 781 2299 880 2360; x_wconf 93' lang='lat' dir='ltr'>quum</span> <span class='ocrx_word' id='word_1_133' title='bbox 907 2299 995 2340; x_wconf 89' lang='lat' dir='ltr'>mera</span> <span class='ocrx_word' id='word_1_134' title='bbox 1019 2280 1166 2342; x_wconf 91' lang='lat' dir='ltr'>uideatur</span> <span class='ocrx_word' id='word_1_135' title='bbox 1190 2278 1397 2360; x_wconf 88' lang='lat' dir='ltr'>paraphrasis</span> 
     </span>
     <span class='ocr_line' id='line_1_19' title="bbox 331 2384 1328 2467; baseline 0.002 -21"><span class='ocrx_word' id='word_1_136' title='bbox 331 2405 403 2447; x_wconf 91' lang='lat' dir='ltr'>esse</span> <span class='ocrx_word' id='word_1_137' title='bbox 426 2385 615 2460; x_wconf 89' lang='lat' dir='ltr'>Babrianae,</span> <span class='ocrx_word' id='word_1_138' title='bbox 640 2384 718 2447; x_wconf 89' lang='lat' dir='ltr'>nihil</span> <span class='ocrx_word' id='word_1_139' title='bbox 742 2386 816 2447; x_wconf 94' lang='lat' dir='ltr'>huic</span> <span class='ocrx_word' id='word_1_140' title='bbox 841 2387 1020 2448; x_wconf 91' lang='lat' dir='ltr'>sententiae</span> <span class='ocrx_word' id='word_1_141' title='bbox 1044 2387 1192 2448; x_wconf 87' lang='lat' dir='ltr'>resistere</span> <span class='ocrx_word' id='word_1_142' title='bbox 1215 2388 1328 2467; x_wconf 89' lang='lat' dir='ltr'>possit.</span> 
     </span>
    </p>

    <p class='ocr_par' dir='ltr' id='par_1_4' title="bbox 330 2491 1398 3738">
     <span class='ocr_line' id='line_1_20' title="bbox 438 2491 1397 2574; baseline 0 -20"><span class='ocrx_word' id='word_1_143' title='bbox 438 2491 544 2554; x_wconf 89' lang='lat' dir='ltr'>Aliter</span> <span class='ocrx_word' id='word_1_144' title='bbox 578 2512 615 2554; x_wconf 90' lang='lat' dir='ltr'>se</span> <span class='ocrx_word' id='word_1_145' title='bbox 649 2513 700 2554; x_wconf 89' lang='lat' dir='ltr'>res</span> <span class='ocrx_word' id='word_1_146' title='bbox 734 2492 834 2555; x_wconf 91' lang='lat' dir='ltr'>habet</span> <span class='ocrx_word' id='word_1_147' title='bbox 859 2495 891 2555; x_wconf 90' lang='lat' dir='ltr'>in</span> <span class='ocrx_word' id='word_1_148' title='bbox 914 2493 1034 2568; x_wconf 80' lang='lat' dir='ltr'>fabula,</span> <span class='ocrx_word' id='word_1_149' title='bbox 1058 2513 1142 2574; x_wconf 91' lang='lat' dir='ltr'>quae</span> <span class='ocrx_word' id='word_1_150' title='bbox 1166 2503 1215 2554; x_wconf 90' lang='lat' dir='ltr'>est</span> <span class='ocrx_word' id='word_1_151' title='bbox 1239 2494 1281 2555; x_wconf 91' lang='lat' dir='ltr'>de</span> <span class='ocrx_word' id='word_1_152' title='bbox 1303 2492 1397 2555; x_wconf 90' lang='lat' dir='ltr'>leone</span> 
     </span>
     <span class='ocr_line' id='line_1_21' title="bbox 331 2599 1397 2682; baseline 0.001 -21"><span class='ocrx_word' id='word_1_153' title='bbox 331 2611 497 2681; x_wconf 88' lang='lat' dir='ltr'>regnante,</span> <span class='ocrx_word' id='word_1_154' title='bbox 534 2620 631 2680; x_wconf 89' lang='lat' dir='ltr'>quam</span> <span class='ocrx_word' id='word_1_155' title='bbox 667 2621 733 2662; x_wconf 90' lang='lat' dir='ltr'>non</span> <span class='ocrx_word' id='word_1_156' title='bbox 770 2600 884 2663; x_wconf 91' lang='lat' dir='ltr'>dubito</span> <span class='ocrx_word' id='word_1_157' title='bbox 918 2602 995 2682; x_wconf 93' lang='lat' dir='ltr'>quin</span> <span class='ocrx_word' id='word_1_158' title='bbox 1032 2611 1117 2662; x_wconf 89' lang='lat' dir='ltr'>recte</span> <span class='ocrx_word' id='word_1_159' title='bbox 1153 2621 1194 2662; x_wconf 89' lang='lat' dir='ltr'>ex</span> <span class='ocrx_word' id='word_1_160' title='bbox 1218 2599 1397 2682; x_wconf 89' lang='lat' dir='ltr'>exemplari</span> 
     </span>
     <span class='ocr_line' id='line_1_22' title="bbox 331 2706 1397 2788; baseline 0.001 -19"><span class='ocrx_word' id='word_1_161' title='bbox 331 2706 489 2788; x_wconf 90' lang='lat' dir='ltr'>Aesopeo</span> <span class='ocrx_word' id='word_1_162' title='bbox 528 2707 724 2770; x_wconf 87' lang='lat' dir='ltr'>transtulerit</span> <span class='ocrx_word' id='word_1_163' title='bbox 762 2707 906 2770; x_wconf 86' lang='lat' dir='ltr'>Babrius</span> <span class='ocrx_word' id='word_1_164' title='bbox 955 2707 1075 2770; x_wconf 91' lang='lat' dir='ltr'>Omnia</span> <span class='ocrx_word' id='word_1_165' title='bbox 1109 2709 1194 2769; x_wconf 90' lang='lat' dir='ltr'>enim</span> <span class='ocrx_word' id='word_1_166' title='bbox 1231 2709 1397 2788; x_wconf 88' lang='lat' dir='ltr'>aptissime</span> 
     </span>
     <span class='ocr_line' id='line_1_23' title="bbox 331 2813 1397 2897; baseline -0.001 -20"><span class='ocrx_word' id='word_1_167' title='bbox 331 2825 514 2897; x_wconf 86' lang='lat' dir='ltr'>congruunt</span> <span class='ocrx_word' id='word_1_168' title='bbox 548 2835 621 2876; x_wconf 91' lang='lat' dir='ltr'>cum</span> <span class='ocrx_word' id='word_1_169' title='bbox 658 2816 705 2889; x_wconf 82' lang='lat' dir='ltr'>iis,</span> <span class='ocrx_word' id='word_1_170' title='bbox 742 2835 826 2895; x_wconf 92' lang='lat' dir='ltr'>quae</span> <span class='ocrx_word' id='word_1_171' title='bbox 854 2825 1003 2877; x_wconf 87' lang='lat' dir='ltr'>auctores</span> <span class='ocrx_word' id='word_1_172' title='bbox 1026 2816 1150 2896; x_wconf 88' lang='lat' dir='ltr'>antiqui</span> <span class='ocrx_word' id='word_1_173' title='bbox 1173 2813 1225 2877; x_wconf 91' lang='lat' dir='ltr'>alii</span> <span class='ocrx_word' id='word_1_174' title='bbox 1250 2816 1292 2876; x_wconf 92' lang='lat' dir='ltr'>de</span> <span class='ocrx_word' id='word_1_175' title='bbox 1315 2835 1397 2896; x_wconf 87' lang='lat' dir='ltr'>pace</span> 
     </span>
     <span class='ocr_line' id='line_1_24' title="bbox 331 2921 1397 3003; baseline 0 -19"><span class='ocrx_word' id='word_1_176' title='bbox 331 2922 384 2985; x_wconf 90' lang='lat' dir='ltr'>illa</span> <span class='ocrx_word' id='word_1_177' title='bbox 417 2922 554 2992; x_wconf 80' lang='lat' dir='ltr'>ferarum</span> <span class='ocrx_word' id='word_1_178' title='bbox 579 2922 738 3003; x_wconf 85' lang='lat' dir='ltr'>praebent</span> <span class='ocrx_word' id='word_1_179' title='bbox 762 2921 875 3001; x_wconf 72' lang='lat' dir='ltr'>(locos</span> <span class='ocrx_word' id='word_1_180' title='bbox 900 2923 955 2985; x_wconf 93' lang='lat' dir='ltr'>ubi</span> <span class='ocrx_word' id='word_1_181' title='bbox 979 2923 1119 2984; x_wconf 90' lang='lat' dir='ltr'>occurrit</span> <span class='ocrx_word' id='word_1_182' title='bbox 1142 2921 1260 2996; x_wconf 87' lang='lat' dir='ltr'>sabula,</span> <span class='ocrx_word' id='word_1_183' title='bbox 1286 2923 1317 2984; x_wconf 90' lang='lat' dir='ltr'>in</span> <span class='ocrx_word' id='word_1_184' title='bbox 1334 2923 1397 2985; x_wconf 90' lang='lat' dir='ltr'>edi·</span> 
     </span>
     <span class='ocr_line' id='line_1_25' title="bbox 330 3027 1397 3111; baseline -0.003 -18"><span class='ocrx_word' id='word_1_185' title='bbox 330 3032 419 3093; x_wconf 91' lang='lat' dir='ltr'>tione</span> <span class='ocrx_word' id='word_1_186' title='bbox 455 3030 616 3092; x_wconf 88' lang='lat' dir='ltr'>Babriana</span> <span class='ocrx_word' id='word_1_187' title='bbox 651 3028 754 3092; x_wconf 89' lang='lat' dir='ltr'>Crusii</span> <span class='ocrx_word' id='word_1_188' title='bbox 791 3049 866 3111; x_wconf 86' lang='lat' dir='ltr'>pag.</span> <span class='ocrx_word' id='word_1_189' title='bbox 894 3046 935 3108; x_wconf 91' lang='lat'>92</span> <span class='ocrx_word' id='word_1_190' title='bbox 961 3027 1117 3111; x_wconf 79' lang='lat' dir='ltr'>inuenias)</span> <span class='ocrx_word' id='word_1_191' title='bbox 1141 3040 1175 3091; x_wconf 89' lang='lat' dir='ltr'>et</span> <span class='ocrx_word' id='word_1_192' title='bbox 1197 3031 1298 3091; x_wconf 93' lang='lat' dir='ltr'>modo</span> <span class='ocrx_word' id='word_1_193' title='bbox 1323 3049 1397 3092; x_wconf 90' lang='lat' dir='ltr'>uere</span> 
     </span>
     <span class='ocr_line' id='line_1_26' title="bbox 334 3137 1396 3218; baseline -0.003 -18"><span class='ocrx_word' id='word_1_194' title='bbox 334 3140 488 3217; x_wconf 87' lang='lat' dir='ltr'>Aesopeo</span> <span class='ocrx_word' id='word_1_195' title='bbox 524 3147 593 3200; x_wconf 91' lang='lat' dir='ltr'>tota</span> <span class='ocrx_word' id='word_1_196' title='bbox 628 3138 770 3199; x_wconf 88' lang='lat' dir='ltr'>narratio</span> <span class='ocrx_word' id='word_1_197' title='bbox 805 3137 847 3198; x_wconf 90' lang='lat' dir='ltr'>ad</span> <span class='ocrx_word' id='word_1_198' title='bbox 884 3137 982 3198; x_wconf 90' lang='lat' dir='ltr'>uerba</span> <span class='ocrx_word' id='word_1_199' title='bbox 1018 3137 1070 3199; x_wconf 86' lang='lat' dir='ltr'>illa</span> <span class='ocrx_word' id='word_1_200' title='bbox 1105 3137 1224 3218; x_wconf 90' lang='lat' dir='ltr'>leporis</span> <span class='ocrx_word' id='word_1_201' title='bbox 1252 3139 1284 3200; x_wconf 92' lang='lat' dir='ltr'>in</span> <span class='ocrx_word' id='word_1_202' title='bbox 1307 3138 1396 3199; x_wconf 89' lang='lat' dir='ltr'>exitu</span> 
     </span>
     <span class='ocr_line' id='line_1_27' title="bbox 331 3245 1394 3327; baseline -0.001 -20"><span class='ocrx_word' id='word_1_203' title='bbox 331 3247 439 3327; x_wconf 92' lang='lat' dir='ltr'>posita</span> <span class='ocrx_word' id='word_1_204' title='bbox 474 3246 629 3326; x_wconf 85' lang='lat' dir='ltr'>dirigitur.</span> <span class='ocrx_word' id='word_1_205' title='bbox 676 3245 841 3306; x_wconf 89' lang='lat' dir='ltr'>Phaedrus</span> <span class='ocrx_word' id='word_1_206' title='bbox 870 3266 969 3326; x_wconf 94' lang='lat' dir='ltr'>quum</span> <span class='ocrx_word' id='word_1_207' title='bbox 1003 3247 1186 3326; x_wconf 90' lang='lat' dir='ltr'>castigandi</span> <span class='ocrx_word' id='word_1_208' title='bbox 1209 3246 1318 3308; x_wconf 90' lang='lat' dir='ltr'>studio</span> <span class='ocrx_word' id='word_1_209' title='bbox 1342 3246 1394 3307; x_wconf 88' lang='lat' dir='ltr'>ad-</span> 
     </span>
     <span class='ocr_line' id='line_1_28' title="bbox 332 3350 1398 3434; baseline -0.002 -19"><span class='ocrx_word' id='word_1_210' title='bbox 332 3354 450 3416; x_wconf 91' lang='lat' dir='ltr'>ductus</span> <span class='ocrx_word' id='word_1_211' title='bbox 473 3351 568 3428; x_wconf 90' lang='lat' dir='ltr'>leoni,</span> <span class='ocrx_word' id='word_1_212' title='bbox 594 3354 648 3434; x_wconf 91' lang='lat' dir='ltr'>qui</span> <span class='ocrx_word' id='word_1_213' title='bbox 671 3353 733 3414; x_wconf 91' lang='lat' dir='ltr'>hac</span> <span class='ocrx_word' id='word_1_214' title='bbox 758 3350 866 3414; x_wconf 86' lang='lat' dir='ltr'>fabula</span> <span class='ocrx_word' id='word_1_215' title='bbox 888 3353 1057 3428; x_wconf 90' lang='lat' dir='ltr'>inducitur,</span> <span class='ocrx_word' id='word_1_216' title='bbox 1075 3351 1229 3415; x_wconf 88' lang='lat' dir='ltr'>Seianum</span> <span class='ocrx_word' id='word_1_217' title='bbox 1246 3351 1398 3414; x_wconf 88' lang='lat' dir='ltr'>subintel·</span> 
     </span>
     <span class='ocr_line' id='line_1_29' title="bbox 331 3459 1398 3542; baseline -0.001 -20"><span class='ocrx_word' id='word_1_218' title='bbox 331 3460 387 3541; x_wconf 90' lang='lat' dir='ltr'>ligi</span> <span class='ocrx_word' id='word_1_219' title='bbox 422 3459 527 3536; x_wconf 89' lang='lat' dir='ltr'>uellet,</span> <span class='ocrx_word' id='word_1_220' title='bbox 557 3471 783 3542; x_wconf 89' lang='lat' dir='ltr'>argumentum</span> <span class='ocrx_word' id='word_1_221' title='bbox 809 3459 1001 3541; x_wconf 86' lang='lat' dir='ltr'>Aesopeum</span> <span class='ocrx_word' id='word_1_222' title='bbox 1027 3461 1178 3540; x_wconf 89' lang='lat' dir='ltr'>corrupit,</span> <span class='ocrx_word' id='word_1_223' title='bbox 1204 3470 1239 3522; x_wconf 92' lang='lat' dir='ltr'>ut</span> <span class='ocrx_word' id='word_1_224' title='bbox 1263 3481 1304 3522; x_wconf 87' lang='lat' dir='ltr'>ex</span> <span class='ocrx_word' id='word_1_225' title='bbox 1329 3480 1398 3521; x_wconf 90' lang='lat' dir='ltr'>nar·</span> 
     </span>
     <span class='ocr_line' id='line_1_30' title="bbox 332 3567 1398 3649; baseline 0 -19"><span class='ocrx_word' id='word_1_226' title='bbox 332 3570 456 3630; x_wconf 88' lang='lat' dir='ltr'>ratione</span> <span class='ocrx_word' id='word_1_227' title='bbox 491 3567 622 3630; x_wconf 92' lang='lat' dir='ltr'>Romuli</span> <span class='ocrx_word' id='word_1_228' title='bbox 657 3568 711 3643; x_wconf 93' lang='lat' dir='ltr'>Ill,</span> <span class='ocrx_word' id='word_1_229' title='bbox 741 3585 782 3630; x_wconf 89' lang='lat'>20</span> <span class='ocrx_word' id='word_1_230' title='bbox 806 3569 916 3630; x_wconf 90' lang='lat' dir='ltr'>uidere</span> <span class='ocrx_word' id='word_1_231' title='bbox 940 3587 1122 3649; x_wconf 91' lang='lat' dir='ltr'>possumus,</span> <span class='ocrx_word' id='word_1_232' title='bbox 1148 3569 1302 3648; x_wconf 92' lang='lat' dir='ltr'>quoniam</span> <span class='ocrx_word' id='word_1_233' title='bbox 1326 3569 1398 3649; x_wconf 89' lang='lat' dir='ltr'>ipsa</span> 
     </span>
     <span class='ocr_line' id='line_1_31' title="bbox 332 3673 938 3738; baseline 0.003 -2"><span class='ocrx_word' id='word_1_234' title='bbox 332 3673 440 3738; x_wconf 79' lang='lat' dir='ltr'>fabula</span> <span class='ocrx_word' id='word_1_235' title='bbox 464 3675 664 3738; x_wconf 89' lang='lat' dir='ltr'>Phaedriana</span> <span class='ocrx_word' id='word_1_236' title='bbox 687 3675 798 3737; x_wconf 88' lang='lat' dir='ltr'>mutila</span> <span class='ocrx_word' id='word_1_237' title='bbox 823 3686 938 3738; x_wconf 88' lang='lat' dir='ltr'>exstat.</span> 
     </span>
    </p>

    <p class='ocr_par' dir='ltr' id='par_1_5' title="bbox 331 3782 1398 4187">
     <span class='ocr_line' id='line_1_32' title="bbox 440 3782 1398 3864; baseline 0 -20"><span class='ocrx_word' id='word_1_238' title='bbox 440 3782 610 3846; x_wconf 88' lang='lat' dir='ltr'>Difficilius</span> <span class='ocrx_word' id='word_1_239' title='bbox 640 3795 689 3846; x_wconf 89' lang='lat' dir='ltr'>est</span> <span class='ocrx_word' id='word_1_240' title='bbox 713 3785 755 3845; x_wconf 90' lang='lat' dir='ltr'>de</span> <span class='ocrx_word' id='word_1_241' title='bbox 779 3782 896 3858; x_wconf 86' lang='lat' dir='ltr'>sabula,</span> <span class='ocrx_word' id='word_1_242' title='bbox 922 3803 1005 3864; x_wconf 91' lang='lat' dir='ltr'>quae</span> <span class='ocrx_word' id='word_1_243' title='bbox 1030 3785 1119 3863; x_wconf 90' lang='lat' dir='ltr'>apud</span> <span class='ocrx_word' id='word_1_244' title='bbox 1143 3782 1324 3845; x_wconf 85' lang='lat' dir='ltr'>Phaedrum</span> <span class='ocrx_word' id='word_1_245' title='bbox 1348 3793 1398 3844; x_wconf 91' lang='lat' dir='ltr'>est</span> 
     </span>
     <span class='ocr_line' id='line_1_33' title="bbox 335 3890 1398 3971; baseline 0.003 -22"><span class='ocrx_word' id='word_1_246' title='bbox 335 3891 467 3971; x_wconf 81' lang='lat' dir='ltr'>»Equus</span> <span class='ocrx_word' id='word_1_247' title='bbox 490 3891 657 3966; x_wconf 81' lang='lat' dir='ltr'>abactus»,</span> <span class='ocrx_word' id='word_1_248' title='bbox 683 3911 793 3952; x_wconf 91' lang='lat' dir='ltr'>uerum</span> <span class='ocrx_word' id='word_1_249' title='bbox 818 3911 938 3953; x_wconf 86' lang='lat' dir='ltr'>eruere.</span> <span class='ocrx_word' id='word_1_250' title='bbox 986 3891 1036 3952; x_wconf 89' lang='lat' dir='ltr'>Ea</span> <span class='ocrx_word' id='word_1_251' title='bbox 1059 3892 1154 3966; x_wconf 87' lang='lat' dir='ltr'>enim,</span> <span class='ocrx_word' id='word_1_252' title='bbox 1180 3890 1284 3971; x_wconf 84' lang='lat' dir='ltr'>qualis</span> <span class='ocrx_word' id='word_1_253' title='bbox 1300 3892 1398 3953; x_wconf 92' lang='lat' dir='ltr'>hodie</span> 
     </span>
     <span class='ocr_line' id='line_1_34' title="bbox 332 3997 1398 4080; baseline -0.001 -20"><span class='ocrx_word' id='word_1_254' title='bbox 332 3999 420 4079; x_wconf 82' lang='lat' dir='ltr'>apud</span> <span class='ocrx_word' id='word_1_255' title='bbox 456 3998 608 4060; x_wconf 92' lang='lat' dir='ltr'>Babrium</span> <span class='ocrx_word' id='word_1_256' title='bbox 633 3997 756 4080; x_wconf 88' lang='lat' dir='ltr'>legitur,</span> <span class='ocrx_word' id='word_1_257' title='bbox 783 3998 895 4061; x_wconf 90' lang='lat' dir='ltr'>mutila</span> <span class='ocrx_word' id='word_1_258' title='bbox 918 4008 1035 4060; x_wconf 88' lang='lat' dir='ltr'>exstat.</span> <span class='ocrx_word' id='word_1_259' title='bbox 1084 3997 1151 4060; x_wconf 89' lang='lat' dir='ltr'>Sed</span> <span class='ocrx_word' id='word_1_260' title='bbox 1174 4019 1216 4059; x_wconf 89' lang='lat' dir='ltr'>ex</span> <span class='ocrx_word' id='word_1_261' title='bbox 1240 4019 1287 4071; x_wconf 89' lang='lat' dir='ltr'>ea,</span> <span class='ocrx_word' id='word_1_262' title='bbox 1313 4018 1398 4078; x_wconf 91' lang='lat' dir='ltr'>quae</span> 
     </span>
     <span class='ocr_line' id='line_1_35' title="bbox 331 4103 1397 4187; baseline -0.001 -19"><span class='ocrx_word' id='word_1_263' title='bbox 331 4107 364 4168; x_wconf 90' lang='lat' dir='ltr'>in</span> <span class='ocrx_word' id='word_1_264' title='bbox 388 4105 578 4187; x_wconf 88' lang='lat' dir='ltr'>paraphrasi</span> <span class='ocrx_word' id='word_1_265' title='bbox 601 4105 780 4168; x_wconf 90' lang='lat' dir='ltr'>Bodleiana</span> <span class='ocrx_word' id='word_1_266' title='bbox 803 4108 896 4181; x_wconf 84' lang='lat' dir='ltr'>inest,</span> <span class='ocrx_word' id='word_1_267' title='bbox 914 4106 1001 4167; x_wconf 86' lang='lat' dir='ltr'>haud</span> <span class='ocrx_word' id='word_1_268' title='bbox 1017 4106 1116 4167; x_wconf 91' lang='lat' dir='ltr'>dubie</span> <span class='ocrx_word' id='word_1_269' title='bbox 1131 4103 1293 4186; x_wconf 89' lang='lat' dir='ltr'>colligitur</span> <span class='ocrx_word' id='word_1_270' title='bbox 1308 4105 1397 4167; x_wconf 88' lang='lat' dir='ltr'>fabu-</span> 
     </span>
    </p>
   </div>
   <div class='ocr_carea' id='block_1_4' title="bbox 0 0 1629 4868">
    <p class='ocr_par' dir='ltr' id='par_1_6' title="bbox 0 0 1629 4868">
     <span class='ocr_line' id='line_1_36' title="bbox 0 0 1629 4868; baseline 0 0"><span class='ocrx_word' id='word_1_271' title='bbox 0 0 1629 4868; x_wconf 95' lang='lat' dir='ltr'> </span> 
     </span>
    </p>
   </div>
  </div>
 </body>
</html>
