3260 4882
739 373 937 444 „132...

307 593 356 658 54,
394 579 481 658 216).
530 578 693 660 Quoniam
730 579 870 655 Amano,
895 581 951 661 qui
975 599 994 641 a
1018 579 1136 642 Babrio
1161 579 1292 659 pendet,
1316 599 1370 642 ex·

304 697 401 767 cepto
440 684 528 748 nullo
564 685 627 748 alio
663 684 839 750 litterarum
875 689 1079 769 antiquarum
1116 686 1189 748 loco
1225 688 1370 751 eiusdem

304 781 623 873 argumenti‘sabula
647 803 764 868 exstat,
790 796 894 876 ipsum
920 795 1303 876 Babriumprouerbium
1328 795 1369 856 ad
1462 803 1465 810 '

111 919 113 926 ’
208 933 228 966 η
303 904 507 965 tractandum
532 901 592 964 sibi
616 903 794 982 sumpsisse
812 902 898 964 haud
916 901 1130 982 improbabile
1146 903 1272 966 uidetur
1287 923 1368 965 esse.

353 995 355 999 ’
411 1009 567 1073 Fabulam
603 1011 641 1071 61
683 1009 932 1072 Ruthersordius
967 1009 1060 1090 (prol.
1098 1020 1189 1091 pag.'
1209 1009 1317 1090 XLV)
1352 1031 1370 1072 e

200 1147 209 1159 -·
271 1123 274 1128 '
304 1119 477 1200 prouerbio
501 1116 636 1178 Zenobii
661 1117 716 1192 ΙΙΙ,
737 1129 777 1195 50
792 1115 1023 1197 amplificatam
1040 1137 1112 1180 esse
1129 1128 1206 1198 apte
1221 1119 1368 1181 coniecit.

151 1265 153 1270 ,
304 1227 359 1288 Ad
396 1225 531 1287 sormam
562 1225 752 1304 narrationis
776 1225 1036 1287 constituendam
1061 1235 1170 1288 tamen
1194 1227 1304 1287 nescio
1328 1245 1370 1286 an

304 1332 412 1396 ualere
436 1334 578 1414 potuerit
603 1334 700 1395 etiam
726 1333 943 1414 prouerbium,
969 1334 1059 1396 cuius
1081 1334 1276 1403 mentionem
1296 1331 1370 1394 lecit

74 1447 93 1469 ‘'
188 1487 194 1502 1
245 1474 252 1485 ν
304 1441 462 1504 Aelianus
475 1451 539 1503 nat.
554 1441 709 1515 an.'XlV,
730 1453 785 1520 25:
807 1439 931 1523 »μηδὲν
945 1437 1068 1527 βοῒκαὶ
1081 1437 1367 1522 δελφῖνικοινόν»,

77 1554 80 1559 “
225 1587 240 1594 -ι
304 1551 392 1630 quod
416 1549 523 1610 uerbis
546 1548 596 1611 his
619 1547 767 1610 illustrat:
797 1547 905 1612 »οὕτω
929 1547 1022 1629 φιλία
1041 1547 1159 1628 ’χερσὶν
1175 1545 1369 1610 unicornui

304 1655 441 1746 ἀρότρῳ
481 1653 588 1718 πόθεν
629 1658 672 1718 ἂν
705 1655 873 1736 rivulsos>
918 1656 1069 1718 Babrium
1095 1656 1202 1736 ipsum
1226 1654 1367 1718 fabulam

107 1777 113 1790 ⁸
254 1831 261 1839 a
303 1764 344 1825 ad
382 1763 587 1844 prouerbium
617 1765 841 1845 composuisse
864 1755 999 1844 propter
1022 1762 1273 1844 explicationem
1298 1781 1369 1844 pro·

304 1871 415 1934 uerbio
452 1893 471 1934 a
506 1873 652 1934 Zenobio
687 1873 843 1946 additam,
879 1891 962 1952 quae
997 1871 1040 1933 ab
1068 1873 1156 1933 omni
1180 1881 1272 1952 parte
1296 1891 1368 1933 cum

42 1975 50 2000 ²
178 2020 183 2034 ,.
206 2016 229 2038 Δ,
304 1981 487 2042 narratione
512 1981 618 2042 Babrii
643 1982 792 2060 congruit
815 1989 856 2053 et,
876 1989 909 2040 ut
925 1980 967 2041 de
983 1979 1156 2060 prouerbio
1174 1979 1368 2059 Diogeniani

303 2107 401 2167 supra
440 2097 577 2173 tractato
617 2089 729 2149 statuit
768 2086 907 2161 Cnosius,
949 2086 1075 2149 fabulae
1114 2085 1274 2148 simillima
1309 2096 1367 2159 est,

303 2195 389 2255 credi
415 2195 470 2255 uix
494 2205 612 2274 potest.

410 2301 567 2363 Fabulam
604 2303 646 2362 62
681 2303 764 2364 sicut
798 2303 896 2364 etiam
924 2283 1090 2365 'Plutarchi
1114 2301 1209 2386 (Mor.
1240 2304 1309 2380 178,
1334 2302 1368 2380 6)

303 2429 374 2470 cum
400 2428 439 2470 ea
463 2418 695 2489 congruentem
728 2410 768 2474 ad
795 2410 1000 2490 prouerbium
1027 2409 1261 2472 nobilissimum
1289 2409 1368 2471 »τοῦ

301 2513 431 2593 πατρὸς
465 2514 504 2578 τὸ
539 2513 705 2592 παιδίον»,
743 2517 831 2598 quod
860 2517 951 2598 App.
977 2515 1079 2597 Soph.
1105 2517 1157 2597 65,
1189 2531 1225 2596 17
1250 2525 1366 2589 exstat,

303 2624 520 2703 compositam
556 2644 627 2685 esse
663 2624 909 2688 Rutherfordius
944 2623 1036 2708 (prol.
1074 2645 1105 2706 p.
1137 2623 1247 2707 XLV)
1271 2633 1366 2698 recte,

236 2737 238 2742 ’
302 2731 411 2805 credo,
445 2732 593 2792 coniecit:
640 2730 915 2794 Accommodatio
943 2721 1034 2794 certe
1058 2731 1231 2812 prouerbio
1255 2731 1368 2792 addita

282 2841 399 2918 'quam
430 2821 559 2918 'optime
594 2841 756 2901 conuenit.
813 2823 915 2901 Multa
950 2831 1058 2902 autem
1095 2840 1191 2901 etiam
1228 2837 1289 2900 alia
1326 2839 1368 2898 de
1431 2857 1432 2863 ¹

303 2945 390 3006 mulo
429 2947 516 3007 dicta
555 2947 631 3026 quin
668 2949 709 3008 ad
745 2946 828 3009 hanc
863 2934 1080 3010 narrationem
1116 2945 1365 3026 contingendam

244 3051 253 3058 ”
303 3051 410 3113 ualere
427 3035 599 3132 ¹potuerint
621 3073 686 3114 non
704 3064 753 3115 est
769 3055 994 3116 dubitandum.
1043 3053 1202 3116 Aelianus
1218 3056 1295 3132 (nat.
1314 3069 1366 3112 an.

198 3182 202 3191 ·
302 3141 389 3234 XVI,
414 3158 458 3242 ·9)
492 3160 695 3222 uelocitatem
732 3160 1191 3235 mulorum'laudibuseffert,
1218 3179 1366 3221 necnon

302 3267 467 3328 Phaedrus
502 3267 623 3353 mulum
659 3269 720 3330 hac
750 3271 780 3331 in
806 3290 839 3331 re
863 3268 961 3331 filium
986 3289 1070 3350 equa
1094 3269 1228 3348 dignum
1254 3275 1367 3346 putare

302 3374 437 3446 uidetur,
455 3384 490 3436 ut
514 3395 555 3437 ex
580 3375 643 3436 lab.
670 3376 723 3451 ΙΙΙ,
747 3377 768 3437 6
785 3396 866 3438 uers.
881 3394 915 3455 9:
946 3375 1051 3440 »Satis
1068 3375 1121 3436 ubi
1138 3373 1317 3437 tricandum
1334 3384 1367 3434 et

301 3478 355 3540 ubi
391 3482 431 3541 sit
466 3482 657 3543 'currendum
691 3485 776 3544 scio»
816 3482 968 3564 colligere
1004 3483 1086 3544 licet.
1136 3482 1229 3544 Asini
1254 3491 1366 3542 contra

301 3597 467 3666 stuporem
493 3591 523 3650 in
548 3609 603 3650 ore
627 3591 770 3652 omnium
793 3590 857 3652 fere
874 3591 972 3652 luisse
984 3591 1085 3671 idque
1102 3588 1219 3651 animal
1237 3587 1366 3669 ineptis-

301 3697 415 3756 simum
456 3707 487 3758 et
523 3700 664 3759 maxime
700 3699 974 3761 contemnendum
1012 3700 1115 3759 uisum
1151 3714 1223 3758 esse
1258 3706 1290 3758 et
1324 3714 1366 3758 ex

301 3801 417 3864 sabulis
452 3804 546 3865 nobis
579 3809 713 3868 seruatis
748 3807 856 3886 (Babr.
899 3818 968 3885 125,
1011 3822 1079 3883 131,
1113 3821 1174 3883 139
1198 3803 1248 3864 ed.
1275 3801 1364 3864 Crus¹

302 3911 434 3973 Phaedr.
461 3912 484 3985 Ι,
515 3929 566 3987 11;
593 3915 615 3986 Ι,
644 3931 698 3989 21,
725 3915 747 3987 Ι,
775 3931 829 3991 29;
855 3913 945 3994 App.
963 3913 1051 3997 Xll;)
1068 3924 1157 3976 etex
1176 3909 1365 3992 prouerbiiS,

301 4039 385 4098 quae
423 4018 531 4080 libello
574 4021 644 4082 »De
680 4021 859 4101 prouerbiis
894 4021 1209 4083 Alexandrinorum»
1249 4021 1365 4091 insunt,

303 4143 342 4202 32
379 4138 409 4187 et
448 4141 485 4204 33
524 4127 783 4189 concludendum
820 4138 878 4190 est.
928 4129 1041 4208 Neque
1065 4130 1143 4189 satis
1167 4129 1234 4188 scio
1258 4147 1299 4188 an
1324 4128 1365 4188 ad
1407 4159 1411 4166 -
