3260 4882
772 367 948 431 ..33..

324 584 586 666 probabilitatem
611 585 766 648 maiorem
791 585 822 646 id
848 579 932 658 lacit,
957 582 1167 664 quodetiam
1192 583 1280 663 apud
1306 593 1389 644 cete-

324 711 377 754 ros
402 702 565 780 'auctores
595 693 759 772 'antiquos
800 709 1045 772 nonnumquam
1083 700 1256 752 occurrunt
1291 691 1387 764 dicta,

323 819 407 880 quae
443 801 475 861 in
509 800 702 880 antiquitate
732 797 838 880 uulgo
872 799 1005 880 cognita
1040 797 1138 860 fuisse
1172 799 1322 860 uidentur
1355 808 1388 860 et

324 926 397 969 cum
432 903 581 986 γελοίοις
614 905 778 986 Aesopeis
814 905 1049 987 Aristophanis
1079 905 1217 968 conserti
1241 915 1387 986 possunt,

316 1025 358 1076 ut
393 1011 481 1075 Hor..
510 1013 571 1094 Ep.
608 1013 647 1088 ll,
683 1029 712 1087 2,
744 1013 906 1092 215—16‚
931 1033 972 1076 ne
996 1013 1038 1074 de
1063 1012 1251 1094 fragmentis
1276 1013 1387 1076 Archi-

323 1120 437 1183 lochiis
471 1139 633 1192 moneam.
681 1120 788 1182 Etiam
825 1121 857 1182 in
893 1119 1138 1184 collectionibus
1163 1119 1304 1201 pedestri
1328 1141 1388 1182 ser-

323 1241 421 1292 mone
438 1228 564 1290 sabulas
580 1228 818 1310 proferentibus
835 1228 935 1292 multa
950 1229 1071 1291 narrari
1087 1238 1286 1309 argumenta,
1305 1249 1389 1310 quae

324 1337 448 1399 facetiis
490 1334 551 1398 illis
592 1336 634 1398 ab
675 1335 898 1417 Aristophane
934 1336 1071 1417 Aesopo
1107 1335 1256 1418 ascriptis
1280 1355 1387 1418 quarn

324 1444 665 1525 proximeaceedunt,
692 1455 778 1506 recte
801 1445 881 1507 uidit
905 1443 1123 1506 Hausrathius
1145 1443 1163 1505 l.
1182 1442 1200 1505 l.
1219 1463 1293 1524 pag.
1314 1461 1386 1522 310.

322 1552 620 1633 Apophthegmata
662 1551 715 1613 illa
749 1551 837 1614 haud
872 1552 1148 1620 contemnendum
1186 1552 1217 1613 in
1253 1550 1389 1632 syllogis

322 1659 488 1740 Aesopeis
522 1660 662 1747 spatium
696 1660 887 1735 obtinuisse,
914 1670 949 1722 ut
971 1658 1066 1722 simul
1090 1679 1163 1722 cum
1189 1661 1388 1739 argumentis

307 1751 480 1854 similibus
512 1767 645 1845 alteram
675 1777 800 1848 partem
826 1787 937 1830 earum
960 1767 1088 1830 efficere
1112 1777 1268 1848 possents
1282 1785 1321 1830 ea
1344 1777 1388 1830 ta-

323 1893 397 1936 men
434 1895 467 1936 re
491 1894 588 1955 quarn
614 1875 758 1937 maxime
781 1875 859 1936 mihi
883 1875 1014 1955 probari
1039 1875 1175 1947 uidetur,
1201 1875 1291 1956 qnod
1314 1874 1387 1937 Kel-

321 1981 388 2043 lero
423 1992 505 2044 teste
540 1981 571 2061 (l.
608 1981 627 2044 l.
665 2001 740 2063 pag.
779 1985 842 2060 384
877 2002 904 2048 s,
940 1981 972 2062 l.)
1007 1979 1192 2046 Demetrius
1216 1982 1387 2046 Phalereus

322 2109 453 2170 quoque
475 2098 507 2151 et
530 2088 658 2150 fabulas
681 2101 714 2151 et
737 2086 1020 2170 apophthegmata
1044 2089 1175 2171 collegit
1192 2096 1271 2154 etin
1289 2111 1387 2154 unum

321 2198 495 2276 congessit.
522 2196 597 2258 Non
613 2197 729 2258 dubito
741 2197 817 2278 quin
831 2217 931 2278 quum
946 2197 979 2259 id
992 2197 1122 2272 laceret,
1139 2199 1181 2260 ad
1195 2199 1387 2262 imitandum

321 2303 382 2365 sibi
417 2305 625 2384 proposuerit
657 2305 745 2384 ipsas
771 2303 839 2366 illas
863 2304 1072 2367 collectiones
1096 2305 1280 2386 Aesopeas,
1305 2327 1388 2388 quae

320 2411 385 2474 iam
407 2420 488 2473 ..tum
506 2445 509 2465 ι
524 2421 624 2487 erant,
661 2421 694 2474 et
726 2431 783 2474 eas
817 2412 933 2474 eadem
970 2425 1235 2493 argumentorum
1268 2433 1389 2495 genera

321 2517 500 2599 amplexas,
534 2517 640 2601 Quod
664 2539 707 2581 ex
730 2521 801 2600 ipsa
818 2521 926 2601 operis
943 2522 1011 2582 eius
1028 2521 1238 2601 inscriptione
1259 2519 1388 2600 ιλόγιογ

320 2624 519 2688 Αἰσωπείων
554 2626 769 2706 συναγωγαί»
810 2647 967 2708 apparere
1002 2627 1110 2690 debet.
1158 2629 1267 2710 Quum
1302 2630 1387 2692 enim

321 2733 371 2794 his
405 2733 513 2795 uerbis
546 2755 582 2796 se
617 2755 658 2797 ex
683 2734 819 2798 diuersis
842 2734 978 2816 syllogis
1003 2735 1167 2817 Aesopeis
1191 2735 1388 2801 tantumar-

322 2851 478 2921 gumenta
514 2843 664 2924 coegisse
699 2842 896 2923 profiteatur,
921 2843 1066 2924 sequitur
1089 2864 1164 2906 eum
1185 2845 1283 2906 etiam
1312 2865 1388 2926 apo·

322 2947 538 3028 phthegmata
561 2951 593 3011 in
610 2950 724 3011 iisdem
743 2949 886 3012 sontibus
902 2951 1073 3014 inuenisse.
1099 2951 1145 3012 Vt
1162 2963 1269 3014 autem
1288 2973 1387 3033 quum

321 3057 363 3116 de
398 3057 599 3136 argumentis
634 3077 675 3119 ex
711 3057 845 3120 historia
881 3057 1019 3120 naturali
1045 3061 1185 3140 sumptis
1209 3059 1387 3140 disputatio

316 3174 398 3237 erat,
412 3191 428 3222 ·,
436 3164 609 3244 probatum
639 3176 691 3227 est
714 3164 924 3228 collectiones
948 3164 1122 3246 Aesopeas
1139 3167 1177 3229 in
1202 3167 1317 3230 iisdem
1341 3189 1387 3252 ar·

321 3271 482 3350 gumentis
516 3271 689 3335 afferendis
725 3293 790 3335 non
827 3274 909 3335 inter
943 3293 979 3334 se
1014 3275 1206 3349 commisse,
1232 3277 1276 3336 ita
1300 3276 1386 3338 idem

320 3378 363 3439 de
396 3377 545 3457 γελοίοις
573 3381 619 3442 sic
644 3382 774 3462 proprie
798 3381 894 3444 dietis
917 3381 1081 3445 obseruari
1107 3393 1224 3464 potest.
1272 3383 1387 3463 Neque

321 3484 561 3566 Aristophanes
578 3489 610 3550 in
626 3487 775 3569 γελοίοις
791 3489 992 3569 proterendis
1008 3504 1082 3552 curn
1100 3490 1165 3553 ullo
1180 3490 1243 3553 alio
1256 3501 1388 3554 auctore

321 3593 381 3654 nisi
418 3615 549 3676 perraro
584 3597 742 3678 congruit,
781 3617 886 3677 neque
917 3617 969 3672 ea,
1007 3617 1091 3678 quae
1125 3599 1157 3660 in
1195 3597 1387 3660 collectioni·

320 3700 381 3763 bus
417 3705 558 3783 pedestri
593 3723 745 3766 sermone
780 3705 918 3766 seruatis
953 3705 1048 3767 nobis
1084 3715 1214 3768 exstant
1248 3707 1291 3768 ad
1324 3707 1387 3768 hoc

321 3830 425 3890 genus
445 3811 637 3887 referenda,
675 3810 745 3873 aliis
769 3810 945 3874 litterarum
969 3814 1173 3895 antiquarum
1198 3812 1277 3876 locis
1301 3816 1387 3878 inue-

313 3918 378 3980 niri
414 3918 527 3981 solent.
574 3919 669 4000 Quae
693 3937 790 4000 quum
817 3920 861 3980 ita
884 3920 957 3994 sint,
983 3941 1023 3982 ne
1048 3923 1089 3984 de
1113 3921 1231 3984 Babrio
1255 3923 1386 4003 quidem

313 4027 502 4107 exspectari
537 4037 647 4107 potest
681 4046 754 4087 eum
790 4027 821 4088 in
857 4026 1005 4107 γελοίοις
1034 4029 1162 4110 Aesopi
1186 4030 1387 4110 proferendis

319 4155 392 4198 cum
431 4133 500 4197 aliis
535 4133 747 4220 scriptoribus
784 4134 845 4200 uisi
881 4156 952 4202 raro
990 4157 1175 4224 congruere.
1225 4137 1261 4204 Id
1291 4138 1388 4222 igitur
