3260 4882
400 1047 465 1120 De
493 1046 645 1120 fabulis
674 1049 727 1120 ad
756 1047 980 1144 prouerbia
1007 1018 1124 1122 fictis

338 1259 447 1342 Quum
482 1271 668 1343 praecepta,
705 1277 789 1342 quae
813 1263 854 1323 de
878 1263 1038 1325 narranda
1063 1261 1171 1326 fabula
1195 1272 1296 1338 erant,

231 1368 419 1431 didicissent
441 1367 591 1450 discipuli
615 1369 778 1432 rhetorum
803 1367 981 1432 fabularum
1006 1370 1151 1445 studiosi,
1177 1372 1241 1432 iam
1263 1381 1297 1434 ut

229 1475 358 1556 longius
382 1478 663 1558 progrederentur,
689 1497 821 1538 necesse
841 1487 909 1539 erat
925 1497 1028 1539 nouas
1043 1478 1188 1540 inuenire
1204 1479 1296 1542 ratio·

230 1604 297 1658 nes,
321 1583 440 1664 quihus
464 1603 529 1646 non
553 1585 653 1646 modo
678 1591 868 1666 argumenta
887 1585 951 1646 iam
968 1591 1043 1646 ante
1059 1587 1192 1666 ¹cognita
1208 1585 1296 1648 sabu·
1356 1621 1359 1626 v

229 1689 267 1752 lis
283 1690 476 1772 expolirem,
494 1691 552 1753 sed
569 1692 630 1771 ipsi
646 1712 778 1772 quoque
794 1710 881 1753 noua
897 1692 1079 1755 inuenirent
1093 1703 1295 1774 argumenta.

228 1797 335 1860 Etiam
359 1798 420 1860 hac
445 1800 477 1860 in
501 1820 534 1861 re
558 1798 651 1860 Theo
679 1799 745 1878 (W.
769 1799 784 1860 I
808 1819 883 1880 pag.
914 1798 986 1883 178)
1010 1801 1106 1876 uiam,
1134 1821 1198 1881 qua
1224 1821 1295 1890 pro·
1402 1893 1403 1896 Ἴ

228 1901 448 1986 grederentur,
474 1907 676 1981 monstrauit,
701 1927 801 1988 quum
824 1907 934 1969 docuit
951 1907 1051 1991 (quod
1068 1908 1296 1970 animaduertit

228 2014 324 2076 etiam
358 2013 531 2075 Hausrath.
557 2013 575 2076 l.
601 2012 620 2076 l.
647 2035 678 2094 p.
706 2016 782 2094 313)
807 2035 848 2076 ex
873 2034 937 2076 una
962 2013 1071 2076 fabula
1095 2013 1203 2096 plures
1225 2035 1295 2078 sen·
1348 2047 1350 2051 ·

227 2122 345 2183 tentias
370 2119 545 2202 'generales
568 2121 714 2202 protrahi
737 2131 770 2183 et
794 2122 836 2184 ad
860 2142 958 2183 unam
982 2123 1175 2184 sententiam
1200 2143 1296 2202 gene·

228 2228 326 2291 talem
359 2228 467 2310 plures
490 2227 617 2292 fabulas
640 2229 719 2311 fingi
743 2249 850 2310 posse.
898 2230 1238 2292 Prouerbiurn'autem
1262 2241 1295 2292 et

134 2327 141 2340 '
225 2346 437 2418 praeceptum
462 2336 584 2398 morale
609 2336 736 2399 sabulae
760 2337 848 2400 haud
873 2357 945 2398 raro
969 2338 1119 2418 proxima
1138 2339 1294 2400 societate

227 2445 309 2506 inter
331 2464 367 2506 se
391 2445 565 2506 coniuncta
589 2465 660 2506 esse
684 2463 783 2526 posse
807 2454 840 2506 et
864 2464 922 2525 per
944 2463 980 2506 se
998 2443 1090 2506 facile
1106 2443 1295 2526 intelligitur

174 2583 175 2586 ¹
226 2559 259 2612 et
292 2551 355 2613 iam
380 2552 412 2612 in
435 2553 627 2632 antiquitate
650 2553 801 2614 uiderunt
825 2552 1110 2633 paroemiographi
1134 2551 1184 2636 (cf.
1210 2573 1294 2634 quae

227 2657 358 2720 Crusius
382 2660 413 2720 in
437 2658 562 2740 encycl.
588 2659 686 2722 Wiss.
713 2678 788 2741 pag.
816 2659 899 2739 2663
926 2661 967 2721 de
990 2660 1198 2741 Diogeniano
1221 2680 1294 2742 pro·

225 2765 374 2830 uerbium
408 2775 441 2828 et
476 2765 618 2828 subulam
649 2768 731 2828 inter
754 2787 789 2828 se
813 2765 998 2829 conferente
1023 2765 1151 2848 attulit).
1199 2766 1293 2830 Theo
1348 2787 1349 2790 ’

224 2874 295 2954 ipse
330 2875 461 2955 quidem
498 2872 585 2935 nullo
620 2873 694 2936 loco
725 2874 832 2936 uerbis
867 2875 988 2953 apertis
1019 2875 1185 2955 praecepit
1216 2885 1293 2937 ute

224 2981 397 3061 prouerbio
433 2983 497 3043 iam
533 2990 648 3062 parato
684 2980 832 3063 discipuli
863 3001 950 3045 noua
986 2983 1167 3044 inuenireut
1200 3002 1293 3064 argu·

224 3097 346 3166 menta3
369 3108 469 3169 quum
490 3099 598 3152 autem
615 3091 775 3153 sententia
791 3088 951 3171 generalis
967 3110 986 3152 e
1002 3079 1111 3152 sabula
1128 3100 1293 3172 protracta

224 3195 310 3258 haud
341 3217 413 3258 raro
437 3199 479 3258 ad
504 3197 711 3277 prouerbium
736 3198 903 3279 cognitum
921 3217 1019 3278 quam
1037 3199 1187 3278 proxime
1203 3219 1292 3261 acce·

224 3304 301 3365 dere
324 3315 446 3386 posset,
473 3304 564 3367 facile
580 3314 719 3386 apparet
735 3305 879 3368 rhetores
896 3324 955 3386 pro
972 3307 1133 3368 sententia
1149 3305 1292 3386 generali

223 3414 320 3475 etiam
345 3412 553 3494 prouerbium
577 3433 683 3474 nouae
699 3411 828 3474 fabulae
844 3413 990 3475 subicere
1007 3414 1161 3493 potuisse.
1187 3413 1291 3476 Fabu-

205 3518 378 3583 ,latoribus
413 3522 510 3601 igitur
534 3505 642 3602 quum'
658 3520 876 3600 prouerbium,
901 3531 937 3582 ut
961 3519 1103 3583 fabulam
1120 3520 1290 3602 tingerent,

222 3627 282 3690 sibi
318 3629 541 3709 sumpsissent,
578 3629 641 3689 iam
667 3625 743 3689 nihil
768 3626 855 3690 aliud
879 3647 963 3708 opus
987 3638 1055 3690 erat
1079 3648 1176 3709 quam
1202 3649 1290 3710 prae·

222 3746 318 3816 cepta
352 3734 415 3810 illa,
452 3756 535 3816 quae
570 3745 661 3797 erant
696 3736 738 3796 de
773 3736 973 3817 argumentis
1007 3735 1233 3812 extendendis,
1258 3737 1291 3799 in

221 3862 314 3904 usum
349 3863 443 3905 suum
477 3852 675 3918 conuertere,
706 3843 794 3924 quod
819 3844 916 3904 etiam
941 3841 1084 3906 Lucillus
1108 3843 1291 3906 Tarrhaeus

222 3960 254 4011 et
290 3949 473 4013 Herennius
508 3949 597 4012 Philo
632 3950 727 4034 (quos
760 3970 802 4012 ex
827 3949 950 4030 encycl.
976 3949 1075 4012 Wiss.
1101 3969 1176 4031 pag.
1204 3951 1288 4030 2663

221 4057 373 4141 cognoui)
382 4078 481 4139 quum
490 4055 633 4120 fabulam
646 4056 846 4139 »παροιμίαν
857 4056 1110 4141 ἐξηπλωμὲνην»
1123 4067 1288 4134 uocarent,

221 4164 417 4228 intellexisse
429 4165 505 4228 mihi
516 4165 673 4229 uidentur.
688 4165 794 4228 Etiam
807 4165 977 4228 Theonem
988 4165 1190 4228 extendendi
1200 4163 1290 4246 leges
