3260 4882
665 439 708 449 ..-.
732 408 772 481 93
806 430 839 446 -rr

220 634 323 697 prope
358 615 527 690 accedunt,
564 637 630 677 non
666 615 780 677 dubito
816 617 892 696 quin
929 616 1064 677 Babrius
1095 613 1220 678 fabulas
1243 634 1285 677 ex

195 717 309 787 'sonte
348 723 507 804 Aesopeo
551 724 630 785 satis
669 723 711 784 ad
751 723 850 785 uerba
889 723 1147 803 transscripsisse
1171 724 1284 804 possit.

220 831 402 904 Prouerbia‚
427 851 512 911 quae
536 829 660 905 sabulis
687 820 768 910 quas
792 830 869 904 dixi,
895 830 1040 904 subsunt,
1066 841 1121 892 aut
1145 831 1213 892 sine
1230 841 1285 892 aut

220 957 292 1000 cum
326 937 458 1020 epilogo
496 936 621 1022 prolata
657 957 754 1019 quam
783 939 972 1018 saepissime
996 939 1028 1000 in
1052 957 1143 999 usum
1168 937 1285 1000 collata

219 1057 302 1108 sunt.
329 1045 450 1126 Biirger
474 1045 492 1107 l.
519 1044 537 1106 l.
564 1065 641 1126 pag.
669 1045 727 1124 361
757 1056 868 1106 monet
892 1043 1056 1126 adagium,
1072 1045 1161 1126 quod
1178 1045 1285 1107 Babril

220 1151 348 1214 fabulae
383 1155 426 1215 60
461 1151 583 1227 subest,
620 1151 764 1215 adhiberi
793 1151 937 1215 aBione
961 1152 1003 1236 (p.
1035 1169 1081 1227 11,
1109 1169 1125 1231 3
1152 1151 1284 1235 Hense),

117 1279 120 1286 ’
220 1260 376 1323 Cicerone
410 1259 552 1344 (Tuscul.
578 1261 619 1334 V,
650 1263 732 1340 118),
759 1260 912 1322 Lucretio
936 1259 991 1333 Ill,
1016 1264 1091 1338 938,
1117 1259 1287 1324 Plutarcho

219 1368 361 1451 (Consol.
393 1369 434 1430 ad
470 1368 583 1451 Apoll.
609 1385 651 1446 34
675 1389 750 1450 pag.
781 1385 841 1432 120
866 1369 914 1445 Β),
941 1369 1078 1430 Horatio
1103 1369 1163 1449 Ep.
1190 1369 1228 1440 ΙΙ,
1256 1384 1284 1441 2,

221 1478 383 1555 215--16,
420 1497 559 1558 quorum
583 1475 728 1538 locorum
754 1477 953 1538 Horatianus
979 1476 1122 1538 maxime
1146 1495 1218 1536 cum
1243 1474 1285 1536 f-

218 1572 295 1646 bula
318 1584 483 1648 Babriana
506 1585 663 1664 congruit.
713 1583 870 1647 Fabulam
896 1582 990 1646 Babr.
1019 1585 1059 1661 87
1085 1584 1203 1645 eodem
1220 1582 1285 1645 sere

219 1693 320 1754 modo
344 1712 410 1772 quo
434 1692 478 1754 60
502 1691 633 1773 epilogo
657 1702 734 1754 ante
757 1693 912 1772 adagium
937 1692 1044 1770 posito
1069 1692 1285 1770 compositam

219 1819 291 1862 esse
325 1800 432 1862 credo.
481 1801 591 1880 Ipsum
626 1800 779 1880 adagium
815 1811 947 1862 auctore
983 1799 1097 1862 Crusio
1132 1799 1193 1882 (ed.
1233 1797 1287 1881 76)

220 1906 321 1988 Soph.
348 1907 462 1988 fragm.
488 1909 553 1970 800
578 1905 665 1968 ch²
689 1917 721 1969 et
744 1906 845 1968 schol.
871 1907 928 1969 Ar.
955 1928 1006 1988 eq.
1037 1909 1117 1970 1028
1144 1908 1286 1968 inuenire

220 2014 305 2078 licet:
347 2014 494 2093 »σαίνεις
528 2013 707 2078 δάκνουσα
729 2013 786 2076 καὶ
807 2013 901 2076 κύων
923 2013 1101 2094 λήθαργος
1124 2013 1186 2076 εἰ».
1234 2013 1286 2076 Ex

218 2122 269 2183 his
298 2125 497 2204 argumentis
521 2143 608 2185 noua
632 2143 739 2185 mrsus
763 2123 936 2203 prouerbia
960 2123 1162 2203 temporibus
1185 2123 1284 2184 diuer-

219 2230 262 2291 sis
285 2241 356 2292 orta
379 2251 452 2292 esse
475 2231 584 2305 cred0,
608 2249 745 2311 quorum
771 2231 803 2292 in
828 2250 962 2292 numero
986 2231 1072 2292 duco
1089 2229 1285 2310 Epicureum

219 2335 296 2399 illud
334 2335 461 2416 »γλυκὺ
496 2337 567 2420 μέλι
590 2336 647 2400 καὶ
671 2337 849 2413 avitum»,
874 2338 964 2419 qnod
989 2339 1048 2418 ipsi
1067 2337 1197 2400 fabulae
1212 2337 1284 2400 sub-

219 2465 289 2508 esse
313 2448 423 2508 statuit
448 2445 695 2508 Rutherlordius
719 2445 853 2529 (proleg.
880 2466 955 2526 pag.
982 2444 1086 2528 XLV)
1111 2455 1142 2508 et
1167 2445 1285 2526 Dioge·

220 2554 306 2614 niani
341 2572 371 2631 4,
413 2568 450 2633 53
491 2554 547 2614 »ἐν
581 2553 681 2636 μέλιτι
706 2551 835 2616 σαυτὸν
858 2545 1083 2630 καταπάττεις
1107 2551 1159 2632 (cs.
1187 2553 1283 2616 Ruth.

218 2659 237 2722 l.
275 2660 307 2739 l.)
340 2660 492 2723 elabula
527 2663 570 2724 60
605 2671 690 2738 orta,
727 2662 769 2723 ad
799 2660 939 2724 fabulam
971 2663 1012 2740 87
1038 2659 1285 2724 Rutherlordius

218 2768 309 2852 (prol.
347 2789 423 2850 pag.
459 2769 581 2848 XLVI)
616 2767 735 2832 rettulit
770 2769 905 2830 Zenobii
938 2768 995 2843 IV,
1020 2785 1064 2846 90
1091 2766 1286 2847 »λήθαργος

217 2875 316 2938 κύων·
358 2878 378 2936 ὁ
416 2876 636 2956 προσσαίνων
675 2876 743 2958 μέν,
767 2877 898 2956 leupo
929 2873 969 2937 δὲ
993 2874 1162 2938 δάκνων».
1210 2877 1285 2938 Non

218 2985 333 3047 dubito
358 2986 554 3066 quinetiam
581 2983 662 3046 aliae
686 2983 875 3056 fabularum,
901 3005 983 3064 quas
1000 2985 1284 3058 enumeraui‚-ean·

218 3093 293 3154 dem
318 3095 477 3173 originem
503 3114 580 3174 prae
604 3113 640 3154 se
657 3092 737 3154 ferre
754 3095 889 3174 possint,
908 3093 1136 3173 sedquoniam
1154 3093 1283 3172 adagio,

218 3203 260 3262 ad
295 3217 379 3281 quae
415 3201 615 3274 reserrentur,
653 3202 797 3263 inuenire
833 3221 899 3263 non
934 3199 1030 3274 licuit,
1068 3199 1181 3261 melius
1205 3200 1283 3262 mihi

218 3309 321 3370 uisum
347 3307 495 3370 estnihil
520 3309 562 3369 de
585 3310 623 3371 iis
648 3329 707 3389 pro
731 3319 821 3370 certo
843 3318 994 3370 statuere.

324 3416 370 3478 Vt
405 3435 563 3478 summam
601 3436 723 3490 eorum,
760 3436 845 3496 quae
876 3437 974 3496 supra
1009 3417 1174 3496 disputata
1198 3427 1283 3489 sunt,

218 3525 357 3585 breuiter
381 3524 667 3604 comprehendam,
685 3521 785 3586 altera
803 3543 878 3604 pars
893 3522 1119 3586 collectionum
1138 3524 1283 3604 Aesope-

217 3651 308 3694 arum
333 3633 448 3712 partim
474 3632 644 3712 paradoxa
668 3653 720 3693 exv
734 3631 867 3693 historia
891 3631 1027 3694 naturali
1051 3641 1191 3714 sumpta,
1216 3651 1284 3712 par·

216 3740 274 3800 tim
299 3739 579 3820 apophthegmata
603 3750 635 3800 et
660 3739 764 3800 facete
788 3739 884 3813 dicta,
910 3759 994 3820 quae
1018 3741 1148 3820 proprie
1164 3739 1284 3818 γέλοια

217 3846 343 3927 Aesopi
388 3845 644 3927 appellabantur,
685 3848 852 3910 continuit.
910 3847 1073 3910 Phaedrus
1111 3846 1282 3927 syllogam,

217 3955 308 4014 cuius
333 3975 408 4033 pars
432 3954 531 4016 altera
557 3956 726 4034 paradoxa
750 3954 802 4016 illa
825 3954 895 4016 sola
912 3953 1178 4035 amplectebatur,
1197 3954 1282 4015 adhi-

218 4061 326 4122 buisse
352 4062 486 4134 uidetur,
513 4061 648 4123 Babrius
672 4073 790 4136 autem,
816 4064 870 4142 qui
887 4061 995 4124 multis
1011 4063 1104 4124 annis
1123 4072 1198 4143 post
1214 4061 1281 4134 luit,

217 4169 249 4230 in
284 4169 373 4230 sonte
408 4189 467 4230 suo
502 4179 535 4230 et
570 4170 739 4249 paradoxa
776 4180 808 4231 et
832 4170 1113 4249 apophthegmata
1137 4171 1282 4230 omnium

218 4276 297 4345 lere,
307 4297 462 4358 generum
488 4277 618 4338 inuenit.
687 4306 688 4312 ¹
