3260 4882
747 452 947 517 -150..

313 654 426 716 mirum
453 654 554 715 uideri
580 673 670 734 noup
687 663 772 715 otest
789 653 970 728 Theonem,
987 673 1086 734 quum
1104 651 1230 715 fabulas
1247 674 1264 714 e
1281 655 1380 746 scrip-

312 763 353 824 tis
377 771 520 824 ueterum
546 772 700 841 exerptas
724 759 891 843 discipulis
915 761 1101 822 tractandas
1125 761 1379 835 commendaret,

312 871 411 931 etiam
448 867 589 930 fabulam
625 867 710 930 illam
747 867 966 950 Theopompi,
992 887 1077 948 quae
1101 876 1150 930 est
1173 869 1215 930 de
1239 867 1324 930 bello
1349 877 1381 929 et

313 977 426 1040 iniuria
462 976 595 1058 dignam
631 976 791 1052 habuisse,
824 995 909 1058 quae
933 975 1119 1057 diligentius
1143 985 1378 1040 retractaretur.

313 1081 415 1148 Recte
438 1087 537 1146 credo
561 1083 709 1147 Crusium
732 1081 854 1167 (Philol.
874 1083 950 1145 LIV
968 1104 998 1163 p.
1019 1084 1380 1168 745lanimaduertisse

312 1190 465 1255 Babrium
505 1202 540 1253 ut
579 1201 704 1254 ceteras
742 1191 952 1265 narrationes
994 1211 1074 1271 quas
1113 1191 1380 1253 commemorauit

313 1297 417 1376 Theo,
442 1320 460 1362 e
484 1299 612 1379 scriptis
636 1309 781 1361 ueterum
807 1307 988 1379 excerptas
1014 1299 1057 1360 ita
1079 1297 1288 1380 Theopompi
1305 1319 1380 1380 quo·

313 1427 377 1489 que
412 1403 518 1469 locum
555 1427 597 1468 ex
632 1405 824 1469 collectione
860 1404 1084 1488 exemplorum
1121 1407 1191 1468 usui
1217 1405 1379 1468 rhetorum

313 1516 434 1596 scripta
461 1515 639 1596 sumpsisse
664 1535 769 1596 neque
793 1515 864 1594 ipsa
888 1515 1028 1578 auctoris
1052 1533 1152 1594 opera
1175 1515 1379 1594 cognouisse.

314 1621 412 1704 Quod
447 1625 479 1685 in
516 1620 624 1683 sabula
659 1621 821 1684 Babriana
851 1642 1048 1703 quocunque
1070 1612 1192 1707 Ὕβρις
1215 1620 1315 1705 (cuius
1339 1622 1381 1683 de

314 1749 454 1811 persona
478 1729 596 1791 Babrio
621 1749 694 1791 cum
719 1728 939 1810 Theopompo
964 1729 1127 1792 communi
1145 1727 1293 1791 ci.·Crus
1312 1728 1330 1791 l.
1349 1727 1381 1813 l.)

313 1837 414 1912 uadit,
435 1835 596 1919 Πόλεμος
612 1838 765 1918 sequitur,
783 1837 815 1898 id
832 1836 908 1898 mihi
926 1857 1078 1918 magnam
1096 1836 1259 1918 quandam
1276 1835 1380 1898 simili·
1434 1886 1438 1891 .

250 1985 253 1990 ι
313 1945 459 2006 tudinem
505 1965 577 2006 cum
625 1955 818 2025 argumento
869 1942 922 2006 illo
961 1944 1081 2006 habere
1121 1944 1255 2019 uidetur,
1292 1943 1381 2025 quod

313 2050 466 2114 Socrates
501 2053 532 2112 in
570 2049 712 2114 Platonis
748 2051 922 2113 Phaedone
955 2053 996 2113 de
1021 2050 1187 2132 uoluptate
1212 2061 1243 2113 et
1268 2050 1381 2112 dolore

313 2157 484 2239 disputans
520 2157 615 2220 nobis
651 2159 752 2234 affert,
790 2180 829 2220 eo
865 2159 965 2221 modo
998 2158 1081 2221 duos
1105 2179 1218 2222 sensus
1242 2159 1323 2221 inter
1346 2179 1381 2220 se

306 2263 524 2346 coniungens,
542 2275 576 2327 ut
592 2284 633 2327 ex
650 2287 716 2328 uno
729 2265 859 2347 fastigio
872 2265 1082 2328 cohaereant:
1105 2265 1170 2342 »ὡς
1182 2263 1382 2347 θαυμασίως

312 2371 443 2454 πέφυκε
477 2370 516 2434 τὸ
552 2369 617 2452 ἡδὺ
654 2371 741 2452 πρὸς
776 2371 814 2435 τὸ
850 2372 1002 2454 λυπηρὸν
1036 2375 1082 2456 τῷ
1106 2373 1177 2455 άμα
1201 2369 1261 2455 μὲν
1284 2371 1377 2434 αὐτὼ

313 2475 357 2561 μὴ
382 2478 513 2543 ἐθέλειν
528 2479 800 2560 παραγίγνεσθαι
816 2482 861 2564 τῷ
879 2477 1056 2562 ἀνθρώπῳ,
1076 2480 1138 2542 ἐὰν
1154 2477 1194 2541 δέ
1209 2499 1258 2557 τις
1276 2477 1379 2560 διώκῃ

312 2584 351 2648 τὸ
367 2583 486 2666 ἕτερον
499 2586 556 2649 καὶ
568 2587 735 2674 λαμβάνῃ,
750 2585 875 2667 σχεδόν
886 2609 914 2650 τι
929 2587 1185 2667 ἀναγκάζεσθαι
1197 2587 1382 2672 λαμβάνειν

273 2762 277 2772 ,
311 2691 369 2756 καὶ
407 2692 446 2756 τὸ
486 2693 614 2774 ἕτερον,
651 2693 766 2774 ὥσπερ
803 2696 842 2757 ἐκ
877 2697 955 2777 μιᾶς
988 2697 1145 2776 κορυφῆς
1181 2693 1379 2778 συνημμένα

313 2797 477 2864 δύ’ὄντει.
533 2802 598 2883 Qui
637 2802 769 2882 mythus
807 2814 916 2865 tamen
957 2803 1124 2883 quomodo
1162 2821 1234 2866 curn
1272 2801 1380 2865 fabula

313 2909 521 2990 Theopompi
546 2911 795 2990 coniungendus
815 2911 865 2985 sit,
884 2912 915 2971 in
933 2908 1033 2971 dubio
1050 2907 1230 2991 relinquere
1246 2931 1379 2972 necesse

313 3016 379 3078 erit.
429 3016 479 3078 De
516 3015 624 3079 fabula
659 3016 754 3078 Babr.
780 3020 822 3096 98
847 3037 865 3078 e
890 3017 1038 3078 Diodoro
1063 3015 1149 3091 XIX,
1177 3030 1214 3096 25
1239 3028 1378 3098 sumpta,

312 3143 410 3204 quam
449 3143 469 3185 a
508 3123 689 3186 rhetoribus
723 3123 823 3206 uulgo
858 3132 1030 3186 tractatam
1066 3143 1137 3185 esse
1172 3124 1247 3186 inde
1282 3144 1379 3204 appa-

312 3240 360 3292 ret
405 3229 504 3312 quod,
551 3240 586 3292 ut
628 3231 710 3293 uidit
753 3231 884 3294 Crusius
927 3231 988 3315 (ed.
1034 3251 1065 3311 p.
1111 3229 1173 3315 89),
1220 3231 1380 3312 Georgius

312 3333 430 3417 (Walz.
468 3337 482 3398 I
518 3357 593 3419 pag.
633 3339 708 3418 551)
742 3339 878 3401 eandem
914 3337 1028 3413 attulit,
1064 3338 1262 3400 conferenda
1295 3347 1379 3413 sunt,

313 3463 396 3526 quae
432 3444 563 3507 Crusius
598 3444 705 3529 (Babr.
741 3456 804 3508 aet.
841 3465 916 3527 pag.
947 3447 1006 3525 187
1035 3445 1109 3508 adn.
1135 3448 1168 3525 4)
1193 3445 1379 3527 disputauit,

312 3554 353 3614 ad
379 3573 464 3634 quae
487 3562 596 3615 tamen
622 3554 880 3616 animaduertere
904 3553 1000 3615 uelim
1026 3555 1123 3615 etiam
1147 3553 1233 3616 aliud
1254 3553 1382 3616 fabulae

312 3660 504 3741 principium
540 3681 648 3742 quam,
685 3661 774 3742 quod
810 3661 965 3741 produxit
989 3659 1120 3724 Crusius
1145 3663 1213 3743 (qui
1237 3661 1379 3723 fabulam

312 3787 385 3829 cum
426 3768 673 3843 narrationibus
715 3767 831 3850 quibus
870 3767 1021 3830 animalia
1059 3769 1208 3831 homines
1232 3777 1380 3831 amantes

312 3874 517 3950 inducuntur,
543 3877 736 3958 comparat),
762 3875 897 3955 cogitari
922 3896 1028 3956 posse.
1077 3877 1136 3938 Est
1160 3877 1245 3938 enim
1271 3874 1378 3937 Halm.

313 3981 374 4061 263
413 3981 530 4058 fabula,
568 3985 599 4046 in
635 4005 700 4065 qua
734 3994 843 4045 taurus
874 3983 991 4045 eodem
1016 3982 1081 4045 sere
1105 3983 1204 4044 modo
1229 3981 1380 4045 cornibus

311 4085 445 4151 orbatus
480 4100 579 4171 atque
613 4091 702 4172 apud
733 4089 885 4152 Babrium
911 4090 961 4152 leo
986 4089 1138 4152 dentibus
1163 4100 1195 4152 et
1219 4091 1380 4171 unguibus

311 4217 346 4262 se
379 4199 410 4262 in
436 4198 563 4263 hostem
588 4197 763 4262 defendere
787 4218 852 4259 non
878 4207 996 4283 potest.
1045 4197 1096 4258 Ex
1121 4217 1185 4286 qua
1210 4217 1244 4259 re
1269 4197 1380 4263 nescio
