3260 4882
769 395 945 476 ..98-

320 610 545 692 Aesopearum
572 609 763 694 peruulgata
786 631 857 672 esse
874 611 1024 672 uidimus.
1065 610 1116 672 Ex
1133 608 1260 690 sylloge
1276 620 1385 673 autem

320 719 476 800 Aesopea
499 730 531 780 et
556 717 807 798 Xenophontem
832 730 864 780 et
887 719 1039 780 Babrium
1064 727 1290 799 argumentum
1307 728 1387 780 trac·

319 827 453 888 tandum
478 827 538 888 sibi
561 827 739 907 sumpsisse
762 848 780 888 e
801 827 1012 907 congruentia
1028 835 1197 888 auctorum
1215 824 1385 888 concludo.

321 932 418 1015 Quod
453 933 584 996 Crusius
618 935 669 996 ed.
708 955 782 1014 pag.
826 948 882 1012 445
920 934 1035 996 eadem
1071 954 1169 996 causa
1202 943 1387 996 commotus
1413 907 1419 922 .

320 1041 478 1104 conclusit
499 1042 651 1104 Babrium
669 1052 793 1104 tantum
811 1043 1027 1104 narrationem
1045 1041 1275 1121 Xenophontis
1292 1042 1386 1103 uersi-

320 1150 382 1211 bus
421 1151 688 1229 transscripsisse,
730 1151 930 1210 monendum
970 1169 1043 1210 esse
1077 1127 1196 1212 censeo
1232 1149 1386 1212 Babrium

321 1256 483 1337 exempla,
513 1255 554 1319 de
578 1257 695 1336 quibus
719 1257 812 1318 Theo
837 1257 903 1337 (W.
930 1257 953 1332 l,
980 1277 1010 1336 p.
1041 1258 1114 1336 159)
1139 1258 1294 1337 disputat,
1321 1277 1386 1318 non

320 1386 361 1428 ex
397 1345 476 1445 ipsis
510 1365 705 1438 auctoribus,
730 1365 788 1426 sed
813 1385 831 1424 e
855 1363 1046 1426 collectione
1069 1363 1294 1445 exemplorum
1318 1363 1387 1426 rhe-

320 1473 399 1535 toris
422 1473 649 1547 nesciocuius,
667 1483 703 1534 ut
718 1473 830 1534 statuit
846 1474 916 1552 ipse
934 1471 1065 1534 Crusius
1081 1471 1220 1552 (proleg.
1238 1471 1385 1551 XXXII),

322 1581 484 1661 petiuisse.
538 1578 648 1660 Quum
684 1589 799 1642 autem·
828 1601 847 1642 a
880 1579 1061 1642 rhetoribus
1097 1578 1224 1642 fabulae
1258 1597 1388 1659 semper

257 1726 263 1737 ·
321 1708 454 1750 normae
478 1686 572 1750 alicui
595 1688 789 1750 constitutae
813 1688 1138 1750 accommodarentur
1161 1707 1267 1768 neque
1284 1685 1387 1748 forma

322 1796 513 1876 primigenia
536 1794 628 1858 salua
652 1797 802 1858 narrandi
826 1796 952 1857 ratione
976 1795 1110 1876 proferri
1133 1793 1283 1870 solerent,
1309 1793 1387 1858 mihi

320 1902 474 1964 audacius
509 1903 612 1965 uisum
648 1912 698 1964 est
721 1912 862 1964 statuere
886 1903 1132 1982 congruentiam
1156 1901 1386 1982 Xenophontis
1411 1965 1414 1970 ,

320 2019 353 2072 et
376 2010 484 2072 Babrii
508 2011 567 2072 arti
591 2010 753 2072 rhetorum
778 2009 899 2072 deberi.

429 2117 499 2180 Has
535 2118 738 2197 potissimum
768 2115 895 2180 fabulas
919 2117 1026 2192 habui,
1051 2137 1133 2198 quas
1157 2118 1262 2180 causis
1285 2119 1386 2180 diuer-

320 2225 364 2288 sis
398 2236 582 2287 commotus
617 2226 681 2286 iam
705 2226 737 2286 in
761 2224 887 2306 sylloge
913 2225 1070 2306 Aesopea
1093 2226 1226 2306 antiqua
1250 2225 1292 2287 ab
1315 2245 1387 2288 auc·

320 2344 391 2395 tore
427 2342 538 2394 nostro
570 2331 716 2394 adhibita
740 2334 905 2394 exstitisse
929 2353 1066 2414 eamque
1091 2333 1136 2394 ob
1158 2353 1226 2394 rem
1249 2333 1282 2395 in
1302 2331 1386 2394 libro

321 2440 428 2502 Babrii
453 2441 559 2520 priore
583 2442 789 2520 reponendas
812 2460 884 2502 esse
907 2440 1083 2502 crederem.
1125 2440 1170 2504 Vt
1191 2461 1260 2502 rem
1277 2438 1386 2503 clario·

321 2569 386 2609 rem
424 2548 568 2621 reddam,
604 2549 636 2609 in
667 2549 755 2609 exitu
791 2548 884 2627 huius
915 2548 1031 2629 capitis
1054 2549 1118 2610 iam
1142 2567 1256 2611 omnes
1279 2547 1387 2610 adhuc

320 2665 474 2718 tractatas
508 2657 541 2717 in
576 2676 675 2717 unum
710 2675 895 2736 congeram.
945 2656 1017 2718 Hae
1051 2667 1140 2718 sunt:
1168 2673 1196 2735 3,
1225 2670 1252 2736 5,
1277 2657 1307 2731 8,
1337 2673 1385 2733 14,

326 2764 373 2838 16,
403 2779 450 2842 17,
482 2780 529 2843 19,
557 2777 607 2837 22,
634 2780 685 2840 24,
712 2776 763 2842 25,
790 2764 841 2837 26,
868 2778 919 2842 27,
946 2765 996 2838 28,
1024 2779 1075 2841 29,
1103 2779 1154 2842 31,
1181 2777 1232 2842 35,
1261 2763 1312 2842 36,
1329 2759 1395 2842 38,

323 2887 374 2949 39,
399 2887 452 2949 43,
477 2885 529 2948 47,
559 2883 608 2949 50,
633 2871 686 2944 60,
711 2871 764 2952 64,
789 2871 842 2945 66,
867 2872 920 2949 67,
948 2887 999 2950 72,
1026 2886 1077 2949 74,
1105 2884 1155 2950 75,
1183 2885 1234 2951 77,
1262 2873 1313 2952 78,
1332 2885 1384 2950 79,

322 2980 373 3053 80,
400 2980 451 3053 81,
478 2980 529 3052 82,
556 2980 608 3055 84,
634 2979 685 3053 86,
712 2980 763 3057 87,
790 2980 841 3057 89,
866 2995 919 3056 90,
944 2995 997 3057 93,
1023 2995 1075 3056 94,
1094 2979 1147 3056 96,
1165 2992 1217 3058 97,
1235 2997 1289 3058 99,
1312 2995 1382 3052 100,

326 3103 395 3160 102,
425 3102 495 3164 103,
526 3099 595 3164 105,
626 3101 696 3164 107,
726 3088 796 3160 108,
827 3103 896 3165 109,
927 3102 997 3160 110,
1027 3103 1097 3160 111,
1128 3088 1384 3166 115,118,121,

326 3209 395 3266 122,
441 3208 510 3271 123,
555 3209 625 3272 130,
670 3210 740 3271 131,
786 3209 855 3272 137.
904 3192 996 3274 Quas
1036 3213 1150 3256 omnes
1181 3193 1387 3275 simplicitate

321 3299 476 3379 Aesopea
500 3301 699 3380 compositas
723 3321 804 3375 esse,
829 3321 1004 3382 ueramque
1028 3299 1215 3382 plerumque
1236 3303 1386 3383 antiquis·

321 3395 473 3468 simarum
498 3417 686 3488 graecarum
712 3406 891 3470 fabularum
916 3409 1141 3470 condicionem
1159 3409 1386 3489 praeseferre

321 3516 374 3586 ita,
400 3526 434 3578 ut
457 3517 524 3578 iure
548 3517 590 3577 ad
614 3515 730 3578 librum
754 3515 851 3578 talem
877 3515 1077 3597 popularem,
1101 3515 1229 3597 qualem
1246 3518 1386 3598 descrip-

321 3625 361 3684 sit
386 3623 610 3699 HausrathiuS,
636 3623 743 3686 referri
768 3625 904 3704 possint,
930 3626 1008 3686 satis
1034 3626 1132 3686 credo
1149 3645 1201 3687 mc
1218 3645 1386 3706 argumen-

321 3732 362 3792 tis
396 3741 429 3792 et
459 3752 501 3792 ex
534 3732 613 3811 ipsis
637 3731 752 3794 sabulis
776 3733 885 3812 petitis
908 3742 941 3794 et
960 3733 1002 3793 iis
1026 3733 1109 3794 inter
1131 3753 1167 3794 se
1190 3734 1388 3813 comparatis

321 3858 466 3902 eurc1sse.
