3260 4882
674 409 716 416 m
746 367 806 451 12'9
831 410 873 418 .-

242 605 277 646 se
312 585 517 660 cohaereant,
554 587 748 668 saepiusque
783 586 920 648 fortasse
953 588 1050 648 etiam
1075 593 1151 656 cum
1173 588 1310 652 Zenobii

242 703 274 754 et
310 693 505 774 Diogeniani
540 695 667 774 adagiis
694 695 900 774 conueniant,
926 695 1003 775 quin
1028 715 1070 756 ex
1095 694 1176 758 libro
1201 695 1310 778 aliquo

241 798 426 882 παροιμίων
449 800 600 884 fluxerint
623 801 762 864 dubitari
787 822 852 864 non
877 811 997 882 potest.
1038 801 1191 887 Babrium
1212 805 1309 866 etiam

242 908 273 968 in
311 907 400 968 lonte
434 929 494 970 suo
530 909 704 990 prouerbia
738 909 802 970 iam
830 907 944 972 sabulis
969 907 1124 972 illustrata
1148 911 1310 972 inuenisse

243 1013 373 1076 Crusins
389 1013 524 1095 (encycl.
545 1015 642 1078 Vl'iss.
661 1035 737 1096 pag.
757 1015 854 1099 2663)
870 1017 1113 1102 econgruentia
1126 1017 1308 1093 uerborum,

241 1142 325 1202 quae
349 1123 431 1186 inter
455 1122 607 1204 Babrium
632 1121 699 1206 (20)
723 1133 755 1186 et
779 1123 958 1186 Zenobium
983 1114 1112 1208 (V,9'3)
1129 1125 1308 1200 intercedit,

187 1249 189 1253 ·
241 1239 273 1290 et
308 1251 326 1290 e
349 1229 555 1292 similitudine
578 1231 768 1316 sententiae,
793 1251 877 1311 quae
901 1232 982 1294 inter
1006 1230 1158 1320 Babrium
1184 1233 1215 1312 (5
1223 1233 1253 1311 5)
1278 1242 1310 1294 et

242 1337 482 1416 Diogenianum
508 1336 635 1399 Pantini
657 1338 723 1416 60‘9
747 1358 778 1418 p.
805 1339 868 1408 288
893 1348 925 1400 et
949 1337 1082 1428 Macprii
1106 1339 1169 1418 675
1195 1359 1226 1419 p.
1246 1356 1310 1420 209

242 1443 330 1506 Gott.
367 1443 417 1527 (ci.
455 1444 558 1506 Rben.
597 1444 679 1506 Mus
704 1444 835 1520 *XLIV,
873 1467 904 1526 p.
941 1425 1025 1524 466)
1054 1446 1196 1520 interest,
1224 1457 1309 1508 recte

241 1550 411 1632 collegisse
435 1553 571 1634 uidetur.
619 1551 762 1614 Fabulae
787 1551 898 1622 llabrii
910 1554 952 1636 ad
970 1552 1141 1634 prouerbia
1157 1554 1308 1634 scriptae,

241 1679 376 1739 quarum
401 1657 577 1740 pleraeque,
598 1660 662 1722 iam
686 1658 705 1721 a
723 1659 952 1722 Rutbersordio
969 1671 1002 1722 et
1018 1658 1133 1722 Crusio
1150 1660 1192 1720 ad
1209 1658 1307 1724 talem

241 1753 542 1848 originemrelatae
566 1776 650 1841 sunt,
675 1767 737 1830 hae
761 1787 833 1830 esse
858 1767 1025 1838 uidentur:
1052 1784 1077 1842 1,
1104 1784 1155 1843 20,
1182 1785 1233 1843 21,
1257 1783 1308 1847 37,

240 1890 294 1950 42,
322 1887 372 1952 55,
400 1875 449 1953 56,
475 1875 528 1948 61,
554 1875 606 1949 62,
631 1874 762 1954 65669,
790 1875 842 1954 76,
867 1891 921 1956 92,
951 1889 1021 1962 r12,
1052 1887 1121 1953 125.

347 1981 403 2042 Ad
440 1981 567 2043 fabulae
591 1983 715 2062 primae
738 1982 897 2063 originem
921 1980 1150 2062 explicandam
1176 1981 1307 2054 Crusius

240 2088 363 2168 (Jahrb.
401 2088 422 2164 s,
458 2087 567 2170 l'hilol.
594 2087 748 2150 CXXVII
773 2110 848 2170 pag.
875 2087 950 2174 239)
976 2088 1192 2169 prouerbium,
1218 2090 1308 2170 quod

240 2195 374 2276 praebet
410 2179 603 2278 Apostolius
626 2196 666 2271 X,
692 2197 749 2275 63:
786 2195 905 2258 »Λέων
930 2193 1035 2273 εὐθὺς
1059 2197 1108 2273 alc
1133 2197 1304 2276 ἀγῶνας»,

241 2303 334 2364 nobis
358 2303 475 2388 attulit,
496 2324 601 2384 neque
618 2324 651 2366 re
669 2303 964 2366 uerainuerisimile
981 2305 1109 2366 uidetur
1125 2324 1196 2366 esse
1213 2324 1306 2368 uersu

242 2411 406 2489 Babrii..4:
433 2410 552 2494 »Λέων
569 2407 609 2471 δὲ
626 2411 752 2496 μοῆνος
768 2410 996 2490 προύκαλεῖτο
1012 2409 1197 2492 θαρσήσας
1215 2409 1307 2493 αὑτῷ

240 2518 425 2599 μάχεσθαι»
461 2511 565 2598 ipsum
591 2520 743 2598 adagium
769 2518 864 2580 nobis
888 2539 1077 2606 expressum
1102 2539 1174 2582 esse
1198 2539 1305 2602 posse.

240 2625 365 2688 Fabula
400 2623 508 2688 Halm.
546 2642 609 2704 403
647 2647 744 2707 quum
769 2628 839 2690 sine
863 2626 964 2688 dubio
988 2647 1076 2688 mera
1099 2625 1308 2708 paraphrasis

240 2731 420 2814 Babrianae
443 2734 484 2794 sit
509 2753 614 2814 neque
638 2732 702 2796 6116
727 2733 790 2794 alio
806 2733 885 2796 loco
903 2743 1010 2795 exstet
1025 2731 1137 2794 similis
1154 2733 1305 2807 narrati0‚

240 2840 356 2902 nescio.
375 2860 415 2902 an
441 2825 673 2921 ipse‘Babrius
697 2840 905 2921 prouerbium
930 2841 1122 2903 extenderit.

346 2945 503 3020 Fabulam
541 2963 582 3010 20
618 2949 691 3010 iam
714 2949 747 3008 in
770 2947 860 3011 sonte
884 2946 1084 3009 elaboratam
1109 2946 1151 3008 ab
1175 2956 1307 3008 auctore

239 3037 424 3128 inuentam
441 3043 512 3117 esse
542 3065 628 3118 recte
652 3053 783 3118 Crusius
808 3054 914 3138 (Babr.
940 3064 1002 3116 aet.
1028 3074 1104 3136 pag.
1131 3057 1207 3134 233)
1233 3055 1307 3116 inde

239 3161 408 3240 conclusit,
428 3163 532 3244 ,quod
568 3161 657 3242 apud
692 3162 871 3225 Zenobium
898 3161 950 3248 (V,
976 3160 1030 3246 93)
1054 3182 1073 3223 a
1097 3160 1216 3224 Babrio
1242 3182 1308 3224 non

240 3269 439 3349 pendentem
455 3279 488 3353 et
506 3269 606 3332 uerba
619 3279 730 3332 uersus
743 3286 760 3349 3
776 3268 905 3332 tabulae
915 3269 1010 3331 Babr.
1028 3266 1130 3333 »δέον
1145 3267 1303 3354 βοηθεῖν»

240 3389 404 3460 recurrunt
419 3388 471 3448 ,et
506 3378 651 3439 trimetro
684 3379 877 3440 sententiam
903 3397 1013 3438 uersus
1038 3375 1132 3438 Babr.
1159 3393 1179 3456 4
1203 3376 1306 3456 expri-

202 3504 208 3546 2
240 3485 338 3560 menti
370 3471 498 3569 ¹inserta
537 3471 694 3564 leguntur.
742 3485 793 3546 De
833 3485 1016 3564 prouerbio,
1053 3483 1141 3564 quod
1180 3482 1306 3544 tabulae

238 3592 359 3665 subest,
385 3583 560 3680 luculenter
585 3592 763 3672 disputabit
787 3591 918 3654 Crusius
942 3591 1005 3670 (De
1031 3592 1125 3654 llabr.
1146 3602 1208 3652 aet.
1231 3610 1304 3672 pag.

241 3699 324 3779 205).
351 3697 406 3784 Ad
425 3675 630 3780 prouerbium
645 3697 745 3760 multo
760 3699 893 3778 propius
907 3719 1004 3780 quarn
1020 3698 1180 3760 Babriana
1196 3695 1304 3758 Halm.

240 3821 304 3884 300
339 3807 473 3891 accedit,
511 3825 593 3886 quae
624 3807 724 3866 uirum
751 3805 985 3868 Atheniensem
1011 3808 1114 3886 ipsam
1140 3803 1305 3866 Athenam

239 3913 444 3976 inuocantem
481 3913 602 3974 inducit
627 3913 746 3974 ettine
771 3914 963 3975 narrationis
988 3891 1086 3974 uerba
1111 3912 1210 3992 ipsius
1235 3931 1305 3990 prn-

184 4029 188 4036 ’
239 4021 337 4080 nerbii
363 4005 513 4082 accurate
537 4021 695 4100 repetiuit.
744 4020 838 4102 Quae
856 4020 963 4082 sabula
981 4021 1051 4100 ipsa
1067 4019 1307 4098 compositione

239 4138 363 4188 tantam
388 4147 460 4188 cum
488 4128 594 4188 llalrn.
626 4143 684 4206 154
709 4129 750 4188 ad
769 4129 985 4206 pumerbimn,
1004 4128 1090 4206 quod
1109 4137 1156 4185 est
1175 4127 1205 4185 in
1224 4125 1305 4186 libro

1255 4285 1270 4330 9
