3260 4882
748 377 947 438 -108-

314 587 580 668 Hermogeniana
596 585 649 650 ilia
665 587 764 652 taedii
781 587 876 669 plena
889 587 987 670 longe
996 589 1139 654 diuersa!
1165 590 1272 654 Etiam
1285 591 1380 654 Theo

314 695 411 774 igitur
446 695 610 758 orationes
644 694 761 758 fabulis
797 696 968 759 immisceri
992 696 1069 773 uult,
1094 700 1152 760 sed
1166 717 1274 779 -quum
1300 698 1380 761 Her·

314 822 472 884 mogenes
496 803 659 866 orationes
682 803 823 866 cuiusuis
846 805 975 892 generis
990 803 1142 880 cumulat,
1160 805 1254 868 Theo
1271 815 1380 887 postu-

314 909 359 973 lat
382 920 417 974 ut
439 911 586 974 oratione
610 931 717 974 mores
741 929 901 992 personae
924 922 956 974 et
980 922 1130 994 tempora
1147 914 1378 994 exprimantur.

314 1018 467 1082 Babrium
484 1017 547 1080 hoc
564 1030 775 1099 praeceptum
791 1020 986 1100 cognouisse
1002 1030 1034 1082 et
1050 1020 1244 1084 obseruasse
1261 1030 1379 1084 testan-

314 1134 364 1188 tur
399 1125 463 1188 fab.
501 1128 540 1204 85
579 1147 609 1187 ιι.
645 1126 765 1202 6-18,
801 1140 841 1206 95
881 1149 909 1188 n.
940 1141 1064 1207 14-35
1091 1137 1124 1190 et
1147 1129 1288 1207 67—86,
1318 1145 1379 1207 124

314 1256 343 1297 u.
383 1235 520 1310 14--18,
557 1216 598 1296 de
626 1233 745 1314 quibus
768 1232 907 1315 amplius
931 1233 1021 1297 infra.
1069 1235 1271 1316 Hermogeni
1295 1235 1379 1300 hanc

314 1339 417 1404 solam
442 1339 570 1404 fabulae
593 1340 821 1404 extendendae
846 1343 1002 1406 rationem
1027 1343 1194 1424 cognitam
1217 1341 1268 1404 uel
1292 1353 1379 1408 certe

314 1449 486 1530 probatam
519 1468 591 1512 esse
626 1469 668 1510 ex
703 1468 743 1510 eo
776 1448 1036 1514 concludendum
1061 1467 1133 1514 esse
1156 1450 1265 1526 credo,
1290 1451 1379 1532 quod

314 1576 419 1638 neque
453 1554 550 1618 ullam
586 1555 682 1619 aliam
712 1556 923 1620 commendat
946 1577 1051 1638 neque
1074 1558 1106 1619 in
1130 1555 1291 1638 exemplis
1313 1559 1380 1622 suis

314 1665 356 1726 ad
379 1684 472 1726 usum
496 1662 655 1726 transfert.
702 1662 760 1726 Sin
784 1683 862 1725 uero
886 1665 928 1726 ad
953 1664 1123 1728 Theonem
1147 1665 1321 1746 pergimus
1346 1666 1379 1728 in
1453 1725 1457 1734 ,

314 1772 386 1852 ipso
410 1772 553 1852 quidem,
578 1772 668 1852 quod
692 1781 740 1835 est
764 1772 806 1834 de
830 1771 955 1852 myth0,
981 1773 1088 1853 capite
1113 1781 1241 1852 praeter
1263 1773 1380 1835 oratio-

314 1880 362 1942 nis
386 1879 618 1942 immiscendae
642 1879 798 1942 rationem
823 1889 855 1940 et
879 1878 1019 1942 fluminis
1043 1880 1295 1960 descriptionem
1311 1878 1377 1942 nul-

313 1985 377 2048 iam
413 2005 532 2048 nouam
567 1987 749 2066 argumenti
783 1986 982 2050 extendendi
1019 1985 1125 2067 legem
1155 1987 1250 2049 nobis
1274 1987 1377 2063 offert,

313 2095 344 2156 in
381 2108 496 2174 quarto
520 2102 638 2168 autern,
664 2093 753 2174 quod
776 2104 827 2156 est
850 2094 892 2156 de
915 2095 1108 2169 narratione,
1126 2114 1224 2175 quam
1241 2093 1378 2158 luculen-

313 2201 436 2263 tissime
471 2178 513 2263 de
542 2199 603 2262 hac
627 2221 661 2263 re
685 2201 820 2264 disserit.
868 2201 1127 2285 Praeceptorum,
1152 2188 1292 2283 quaein
1315 2201 1379 2266 hoc

313 2309 420 2390 capite
444 2328 463 2370 a
488 2307 615 2372 rhetore
639 2318 796 2389 congesta
819 2319 904 2382 sunt,
930 2307 1085 2371 nonnulla
1108 2310 1205 2371 etiarn
1222 2328 1242 2371 a
1258 2309 1378 2372 Babrio

313 2418 355 2478 ad
380 2414 505 2478 fabulas
529 2415 743 2496 perficiendas
766 2415 920 2479 translata
943 2435 1015 2478 esse
1038 2415 1197 2497 exemplis
1220 2436 1239 2478 e
1263 2415 1380 2478 fabulis

313 2524 451 2604 sumptis
474 2522 681 2604 comprobari
704 2543 803 2605 posse
826 2524 934 2586 cred0.
975 2522 1070 2586 Theo
1094 2523 1158 2607 (W.
1177 2523 1191 2586 1
1208 2543 1283 2605 pag.
1306 2523 1379 2607 184)

221 2703 228 2712 „
314 2631 473 2712 praecipit
505 2640 540 2692 ut
574 2631 606 2693 in
630 2631 678 2706 iis,
703 2651 786 2712 quae
810 2629 984 2692 lectoribus
1008 2629 1092 2693 laeta
1115 2631 1217 2693 uideri
1241 2632 1377 2711 possint,

313 2736 405 2819 plura
439 2737 655 2801 adhibeantur
689 2737 797 2813 uerba,
829 2758 929 2819 quum
954 2748 1062 2800 autem
1087 2739 1124 2800 iis
1149 2736 1286 2801 molesta
1310 2759 1379 2800 nar-

314 2845 415 2908 randa
438 2846 512 2920 sint,
537 2865 576 2919 ea
599 2845 739 2908 breuiter
762 2845 976 2926 perficiantur,
1002 2847 1084 2907 sicut
1108 2846 1287 2908 Homerum
1305 2845 1374 2908 bre-

313 2953 394 3015 niter
404 2951 538 3029 habere:
554 2956 679 3014 »κεῖται
689 2951 926 3031 Πάτροκλος»,
939 2951 1158 3033 compluribus
1168 2963 1276 3014 autem
1287 2952 1379 3034 rhap-

312 3060 413 3122 sodiis
451 3060 493 3122 de
532 3059 630 3122 Vlixe
669 3062 756 3141 apud
792 3059 956 3122 Phaeacas
991 3069 1214 3122 commorante
1238 3079 1376 3122 narrare.

312 3167 372 3230 Cui
408 3175 583 3250 praecepto
616 3167 762 3230 Theonis
797 3167 873 3230 mihi
909 3168 1082 3229 conuenire
1118 3166 1244 3228 uidetur
1288 3167 1377 3249 quod

312 3275 449 3338 Babrius
474 3275 536 3338 fab.
562 3293 583 3354 4
606 3295 688 3340 uers.
715 3292 811 3355 3-4,
833 3285 869 3336 ut
885 3274 996 3338 lectori
1013 3274 1199 3356 gratificans
1215 3275 1378 3338 describat

268 3409 271 3414 ·
313 3382 485 3464 pisciculos
520 3385 661 3446 minutos
692 3383 843 3464 effugere,
869 3384 1024 3444 maiorem
1049 3383 1222 3445 uerborum
1247 3383 1377 3464 copiam

312 3490 455 3566 adhibet,
492 3493 631 3554 breuiter
666 3501 775 3554 autern
812 3491 910 3553 docet
933 3491 1074 3572 grandes
1098 3490 1219 3552 retibus
1243 3491 1376 3571 captari.

312 3597 403 3662 Sicut
435 3601 523 3682 apud
549 3599 732 3662 Homerum
768 3597 942 3674 Patroclus
968 3600 1013 3660 ita
1037 3599 1069 3660 in
1093 3596 1201 3661 fabula
1225 3597 1333 3660 Babrii
1358 3611 1376 3677 7

312 3707 421 3770 asinus
464 3707 638 3770 lectoribus
682 3706 935 3768 misericordiam
974 3716 1105 3768 moueat
1144 3724 1277 3768 necesse
1315 3715 1375 3781 est,

312 3835 409 3895 quarn
449 3815 492 3878 ob
532 3835 599 3877 rem
634 3823 747 3876 auctor
782 3814 917 3876 Homeri
953 3813 1018 3875 fere
1052 3814 1209 3875 rationem
1247 3821 1378 3876 secutus

311 3923 384 4003 ipso
420 3922 555 3986 fortasse
594 3922 739 3985 Theonis
772 3920 924 4003 exemplo
953 3922 1085 4002 cognito
1109 3922 1151 3982 de
1174 3941 1214 3982 eo
1238 3921 1378 3982 breuiter

316 4028 443 4094 »ἔκειτο
458 4030 601 4110 νεκρός»
623 4030 731 4104 habet,
749 4050 854 4111 neque
871 4041 1007 4092 mortem
1025 4030 1093 4090 eius
1110 4027 1253 4109 pluribus
1269 4027 1377 4090 uerbis
