3244 4868
726 433 880 498 „7-

269 634 308 696 cl.
335 634 438 696 Crusii
463 635 514 696 ed.
540 634 726 694 testimonia
751 653 826 714 pag.
853 633 893 716 8),
920 634 963 695 ita
987 633 1083 695 etiam
1101 634 1142 694 de
1158 653 1252 695 uersu
1268 634 1337 695 eius

269 743 425 804 incertum
462 741 557 818 nobis
593 741 702 820 prodit
730 741 959 803 testimonium.
1008 740 1070 802 His
1093 739 1244 802 omnibus
1268 760 1336 822 per-

270 849 380 930 pensis
415 848 513 910 credo
548 847 645 909 statui
681 867 779 928 posse
815 846 931 910 nullius
961 848 1116 910 momenti
1140 865 1221 923 esse,
1247 847 1335 928 quod

233 963 234 966 ’
269 955 388 1020 Suidas
419 957 534 1017 decem
559 954 667 1016 Babrii
690 953 790 1016 libros
813 965 990 1035 nuncupat.
1038 953 1188 1016 Ceterum
1213 956 1336 1016 nonin

269 1063 331 1124 hac
354 1061 424 1124 sola
441 1082 475 1123 re
491 1061 602 1123 uidere
617 1060 691 1123 licet
708 1053 974 1142 lexicographum
993 1060 1079 1123 illum
1098 1061 1140 1124 de
1157 1060 1335 1124 fabularum

268 1169 454 1232 auctoribus
493 1167 569 1231 nihil
608 1170 685 1232 certi
725 1170 932 1249 comperisse.
984 1169 1086 1249 Apud
1126 1168 1335 1231 Neubnerum
1425 1187 1428 1194 ·

269 1275 429 1357 (Apologi
464 1277 571 1357 graeci
607 1276 820 1356 antiquissimi
856 1276 988 1338 historia
1025 1277 1145 1350 critica,
1182 1295 1257 1357 pag.
1284 1275 1336 1357 73)

269 1383 397 1446 inuenio
434 1383 567 1448 Suidam
604 1383 871 1445 animaduertisse
907 1383 1078 1464 Aesopum
1114 1403 1162 1457 ea,
1199 1403 1284 1464 quae
1307 1385 1335 1445 ei

269 1481 412 1571 Delphis
422 1492 617 1564 euenissent,
635 1490 765 1552 duobus
780 1489 868 1552 libris
881 1492 1122 1571 conscripsisse,
1136 1492 1222 1552 unde
1232 1473 1335 1552 colrie-

268 1599 311 1660 cit
350 1596 504 1660 Neubner
541 1617 615 1660 eum
651 1599 701 1659 his
739 1598 846 1660 uerbis
885 1599 1028 1660 indicare
1062 1597 1204 1660 uoluisse
1238 1598 1335 1659 etiam

268 1704 449 1786 Aesopum,
475 1725 572 1785 quum
597 1725 617 1766 a
640 1704 760 1767 Babrio
785 1705 913 1767 duobus
937 1704 1025 1768 libris
1049 1725 1223 1786 expressus
1239 1713 1349 1776 esset,¹

268 1812 403 1878 totidem
439 1822 721 1893 argumenta-sua
745 1811 1042 1893 comprehendisse.
1092 1811 1202 1894 Quum
1227 1822 1335 1874 autem

268 1919 331 1982 alio
366 1919 439 1982 loco
463 1919 514 2004 (cl.
541 1918 631 2012 Crus.
657 1930 729 1982 test.
760 1917 808 2003 ιο)
832 1919 979 1982 docuerit
1003 1921 1117 1982 decem
1141 1939 1213 1981 esse
1236 1917 1337 1980 libros

268 2026 385 2102 Babrii,
422 2028 607 2088 coniectura
643 2026 808 2089 Neubneri
841 2026 934 2088 sacile
958 2025 1118 2088 refellitur.
1166 2027 1232 2088 Res
1256 2025 1336 2088 disfi-

268 2132 384 2196 cillima
408 2154 448 2196 eo
472 2134 572 2196 modo
597 2135 721 2215 optime
745 2132 899 2215 explicari
916 2134 994 2196 mihi
1010 2135 1146 2208 uidetur,
1167 2143 1202 2195 ut
1218 2132 1336 2196 Suidas

268 2240 330 2302 hoc
354 2239 427 2302 loco
451 2250 615 2302 auctorem
634 2241 863 2320 antiquiorem,
880 2241 934 2320 qui
951 2261 1036 2320 opus
1052 2239 1159 2303 Rabrh
1175 2241 1336 2321 incorrup-

268 2358 335 2412 tum
370 2358 572 2430 cognouerat
606 2358 638 2410 et
668 2347 794 2428 Aesopi
817 2345 1053 2409 solas·sabulas
1077 2348 1120 2409 ab
1143 2368 1183 2409 eo
1206 2347 1336 2410 duobus

268 2455 356 2518 libris
383 2474 555 2536 expressas
579 2475 651 2517 esse
674 2455 847 2518 arbitratus
871 2455 968 2516 etiarn
994 2454 1114 2517 sontem
1141 2454 1333 2537 Aesopeum

267 2563 404 2625 totidem
441 2564 587 2643 partibus
610 2562 815 2624 distributum
841 2581 913 2624 esse
937 2572 1104 2637 statuerat,
1130 2572 1260 2624 secutus
1283 2563 1334 2624 sit.

375 2670 401 2731 F
402 2669 569 2732 abularum
586 2669 818 2732 Babrianarunr
836 2670 1095 2732 distributionem
1112 2689 1222 2732 ueram
1238 2667 1335 2748 longe

268 2776 362 2840 aliam
380 2796 452 2840 esse
468 2797 566 2857 quarn
577 2775 780 2864 exemplaris
804 2775 949 2839 Suidiani
967 2775 1060 2838 sacile
1074 2786 1122 2838 est
1136 2777 1336 2857 argumentis

268 2885 363 2947 certis
398 2885 624 2965 comprobare.
673 2885 740 2946 lam
776 2885 861 2946 enim
898 2904 940 2946 ex
975 2903 1033 2960 eo,
1063 2885 1152 2965 quod
1176 2884 1242 2946 duo
1266 2883 1336 2946 sola

268 2993 435 3072 prooemia
470 2991 632 3054 Babriana
668 2991 763 3054 nobis
793 2993 922 3072 prodita
945 3001 1021 3053 sunt
1044 3002 1076 3053 et
1100 2992 1130 3052 in
1157 2992 1335 3071 posteriore

209 3149 211 3154 .
269 3099 382 3179 prioris
405 3100 564 3180 prooemii
589 3100 711 3161 mentio
735 3098 820 3160 sacta
844 3110 902 3174 est,
928 3099 1023 3161 nobis
1046 3097 1239 3161 concludere
1262 3097 1335 3161 licet

268 3207 305 3268 iis
336 3205 594 3268 distributionem
620 3225 729 3268 ueram
754 3204 935 3268 fabularum
960 3206 1102 3268 indicari.
1151 3205 1285 3268 Babrius
1309 3208 1335 3266 si

268 3312 375 3394 plures
398 3333 418 3375 a
442 3314 600 3395 principio
625 3312 724 3374 libros
747 3314 993 3393 composuisset,
1019 3313 1106 3375 haud
1123 3313 1222 3375 dubie
1237 3313 1334 3375 etiam

268 3421 436 3501 prooemia
471 3421 509 3482 iis
544 3421 796 3500 praeposuisset,
830 3440 890 3482 nec
913 3421 989 3482 mihi
1014 3419 1185 3482 uerisimile
1209 3421 1336 3496 uidetur

268 3547 339 3590 esse
381 3526 533 3590 librorum
574 3537 754 3606 ceterorum
791 3528 967 3607 prooemia,
1004 3527 1031 3588 si
1069 3528 1182 3589 decem
1222 3538 1336 3589 auctor

267 3635 458 3715 scripsisset,
494 3635 605 3698 omnia
640 3633 736 3715 plane
770 3653 841 3696 esse
876 3631 992 3708 deleta,
1030 3635 1125 3715 primi
1160 3646 1267 3697 autem
1303 3646 1335 3696 et

267 3742 400 3804 secundi
424 3740 678 3805 librorumcasu
702 3743 846 3823 quodam
869 3726 980 3803 diuino
997 3742 1093 3804 nobis
1109 3752 1236 3804 seruata
1252 3761 1333 3804 esse.

269 3848 383 3930 Neque
401 3851 480 3912 satis
496 3851 565 3916 scio
581 3869 622 3911 an
639 3850 681 3912 ad
698 3848 958 3930 persuadendum
978 3850 1084 3930 magis
1099 3869 1197 3929 quarn
1215 3847 1336 3911 Suidae

269 3957 551 4020 accommodatum
587 3958 628 4018 sit
658 3957 880 4018 testimonium
905 3955 1036 4031 Auiani,
1062 3957 1116 4037 qui
1140 3956 1172 4017 in
1196 3953 1335 4035 epistola

268 4065 310 4125 ad
327 4063 550 4126 Theodosium
567 4065 688 4145 scripta
704 4083 740 4126 se
757 4062 882 4126 fabulas
897 4063 1076 4125 Rabrianas
1089 4062 1187 4125 latine
1200 4063 1335 4124 uertisse

269 4169 445 4260 profitetur.
465 4171 566 4240 Recte
579 4170 711 4239 forsitan
726 4169 857 4238 Crusius
869 4168 1177 4257 (Pauly-Wissowae
1187 4168 1335 4255 encyclo-
