3244 4868
621 377 853 437 1-4l-

229 573 303 649 lam,
328 575 456 636 etiamsi
478 575 605 656 integra
629 573 724 636 nobis
747 581 992 658 essetseruata,
1013 583 1122 634 tamen
1139 582 1296 648 truncam,

229 691 265 744 ut
299 683 343 744 ita
378 681 494 756 dicam,
531 701 550 743 a
585 673 704 744 Babrio
739 701 782 744 ex
807 680 897 744 sonte
920 678 1108 770 translatam
1133 700 1213 742 esse.
1262 678 1297 744 Si

229 790 314 851 enim
345 809 420 852 cum
445 788 554 851 sabula
578 789 779 851 Phaedriana
802 787 893 869 App.
921 804 957 850 21
986 797 1115 850 etcum
1140 807 1188 863 ea,
1214 807 1297 868 quae

229 897 316 978 apud
353 895 461 958 Halm.
504 891 578 976 174⁶
613 895 738 977 legitur,
775 915 848 958 eam
872 896 1179 976 comparauerimuS,
1205 893 1297 956 lacile
1327 937 1330 942 -

228 1004 410 1066 uidebimus
434 1023 493 1066 nec
517 1003 711 1076 Babrianam
735 1023 795 1065 nec
819 1003 1053 1065 Phaedrianam
1079 1003 1296 1066 narrationem

229 1111 327 1174 sontis
363 1097 545 1174 communis
580 1121 730 1173 accurate
765 1111 956 1191 exprimere.
1004 1103 1168 1198 Quoniam
1209 1110 1296 1172 enim

228 1219 316 1300 quod
351 1219 438 1300 apud
464 1218 643 1280 Phaedrum
670 1218 726 1293 sur,
751 1239 817 1280 non
841 1219 993 1280 dominus
1017 1237 1136 1297 equum
1160 1207 1296 1298 exqua-

228 1327 320 1407 driga
355 1325 467 1407 abigit,
504 1327 536 1388 id
560 1326 647 1388 haud
672 1325 769 1388 dubie
792 1334 849 1389 aut
873 1324 1026 1388 Seianum
1051 1333 1107 1388 aut
1131 1325 1295 1388 inimicum

228 1433 324 1495 alium
350 1441 468 1514 poetae
492 1435 631 1515 respicit,
658 1444 794 1515 apparet
819 1433 999 1495 Phaedrum
1023 1453 1121 1514 quum
1151 1431 1293 1494 fabulam

228 1541 269 1602 de
301 1561 336 1603 se
359 1542 433 1623 ipso
456 1561 476 1603 a
499 1540 619 1604 Seiano
643 1540 766 1604 uiolato
790 1539 924 1621 intelligi
948 1539 1053 1614 uellet,
1078 1541 1165 1602 haud
1189 1559 1295 1621 pauca
1360 1546 1362 1551 ’

188 1649 191 1656 ’
228 1659 379 1711 mutasse.
417 1649 549 1711 Crusius
573 1647 635 1732 (ed.
662 1669 737 1729 pag.
765 1651 818 1728 32)
840 1658 926 1710 recte
942 1648 1171 1711 animaduertit
1187 1646 1294 1710 Babri·

226 1777 279 1818 um
326 1777 424 1838 quum
473 1755 614 1818 fabulam
660 1757 703 1818 ad
745 1738 953 1837 prouerbium
1000 1755 1119 1817 »ἵππου
1157 1756 1287 1834 γῆρας»

227 1865 477 1926 accommodare
494 1874 673 1939 conaretur,
692 1863 1007 1944 apophthegmatum
1025 1865 1056 1924 in
1074 1863 1208 1924 modum
1221 1881 1293 1924 eam

227 1972 458 2034 decurtauisse.
507 1971 634 2034 Similes
674 1970 809 2046 fabulas,
847 1991 931 2052 quae
967 1971 1008 2032 ad
1044 1969 1291 2051 prouerbiorum

226 2078 467 2142 similitudinem
492 2080 626 2160 propius
650 2080 818 2153 accedunt,
843 2076 980 2158 legimus
996 2077 1104 2140 Babrii
1121 2079 1151 2151 8,
1174 2093 1221 2153 14,
1243 2089 1292 2154 54.

226 2186 321 2268 Quae
356 2207 454 2267 quum
490 2188 535 2248 ita
569 2188 642 2262 sint,
679 2187 789 2266 potius
817 2185 1007 2248 crediderim
1033 2183 1184 2257 fabulam,
1210 2203 1293 2263 quae

226 2304 275 2358 est
310 2293 418 2356 Halm.
461 2289 544 2373 174⁶,
582 2294 717 2355 formam
751 2283 941 2373 Aesopeam
966 2293 1157 2373 exprimere,
1183 2311 1294 2371 quarn·

226 2423 323 2483 quam
348 2400 425 2464 nihil
449 2401 510 2463 hac
527 2403 566 2463 in
590 2421 624 2462 re
648 2421 708 2482 pro
732 2411 820 2463 certo
845 2399 1005 2462 affirmare
1029 2398 1112 2462 licet.

333 2509 479 2572 Transeo
514 2528 600 2571 nunc
635 2511 678 2570 ad
713 2506 839 2570 fabulas
874 2507 1093 2570 Phaedrianas
1122 2506 1179 2580 IV,
1207 2522 1224 2585 3
1249 2531 1293 2564 ε

225 2617 321 2680 Babr.
362 2634 401 2696 19
436 2627 469 2678 et
504 2616 638 2678 Phaedr.
672 2615 759 2697 App.
787 2633 828 2692 24
851 2641 896 2672 :
919 2615 1014 2678 Babr.
1042 2631 1071 2693 3,
1095 2634 1180 2696 quae
1204 2614 1291 2694 apud

226 2724 417 2798 Phaedrum,
443 2723 555 2806 quales
578 2725 610 2786 in
635 2723 802 2785 codicibus
817 2722 977 2804 leguntur,
996 2723 1180 2784 narratione
1196 2719 1293 2784 ualde

153 2877 156 2882 -
225 2843 392 2895 contracta
415 2841 557 2894 exstant.
606 2831 756 2892 Eundem
780 2840 889 2892 tamen
913 2849 1023 2892 earum
1048 2828 1145 2892 luisse
1168 2827 1292 2892 fontem

225 2949 322 3021 atque
346 2939 577 3002 Babrianarum
602 2939 682 3000 haec
705 2939 784 3000 satis
808 2937 1038 3018 comprobant:

224 3102 358 3164 Phaedr.
370 3101 426 3177 IV,
438 3119 466 3180 3,
481 3119 492 3163 1
505 3122 510 3163 :
522 3101 622 3163 Fame
646 3111 760 3163 coacta
784 3098 910 3180 Vulpes
934 3098 999 3161 alta
1023 3100 1055 3161 in
1080 3100 1175 3161 uinea

520 3208 630 3270 Vuam
651 3208 828 3290 adpetebat
841 3207 976 3269 summis
992 3205 1292 3271 saliensuiribus:

225 3317 319 3379 Babr.
350 3334 397 3396 19,
427 3334 456 3378 1:
516 3315 649 3395 Βότρος
671 3313 830 3398 μελαίνης
854 3313 1005 3397 ἀμπέλου
1029 3312 1202 3394 παρωρείῃ

516 3422 761 3505 ἀπεκρέμαντο.
786 3420 868 3499 τοὺς
892 3419 931 3483 δὲ
954 3420 1085 3501 ποικίλη
1109 3419 1248 3501 πλήρεις

516 3529 641 3594 ἰδοῦσα
663 3528 777 3610 κερδὼ
801 3529 964 3606 πολλάκις
989 3526 1049 3612 μὲν
1072 3527 1213 3611 ὡρμήθη

515 3637 660 3718 rubrido
682 3636 785 3700 nortui
807 3639 990 3718 πορφορῆς
1013 3637 1120 3717 θιγεῖν
1144 3635 1244 3715 ὥρης.

223 3801 358 3863 Phaedr.
376 3761 467 3882 App.
487 3818 538 3878 24,
556 3818 590 3878 4:
608 3799 769 3881 Quamuis
777 3798 1006 3880 indignelaesa
1014 3799 1157 3860 reticebo
1165 3809 1289 3874 tamem

609 3906 675 3970 Sed
704 3927 754 3970 res
778 3907 932 3970 clamabit
956 3908 1027 3987 ipsa
1051 3906 1128 3987 quid
1152 3903 1290 3987 delique-

378 4070 381 4078 .
1170 4033 1221 4076 rrs.
1246 4037 1290 4071 τ.

224 4125 318 4186 Babr.
345 4141 373 4203 3,
405 4141 456 4186 11:
608 4121 648 4184 τὸ
659 4121 767 4201 κέρας
778 4121 938 4201 κέκραγε,
951 4121 1028 4184 κ’ἂν
1041 4119 1109 4200 ἐγὼ
1120 4118 1288 4199 σιωπήσω.
