3244 4868
791 410 968 476 ..34-

342 621 489 674 accurate
530 612 703 673 reddendis
740 613 861 673 maiore
897 609 1086 692 plerumque
1121 610 1275 692 religione
1310 631 1407 693 quam

342 719 524 780 Phaedrum
547 738 639 780 usum
664 739 745 781 esse.

452 826 489 888 ln
524 825 642 900 sabula,
679 846 763 908 quae
799 836 849 887 est
883 827 1030 888 decane
1055 825 1408 907 perflumencarnem

342 933 473 1007 serente,
508 933 676 995 reddenda
711 932 804 996 facile
828 933 1020 995 crediderim
1045 933 1227 995 Phaedrum
1252 934 1408 1015 antiquio-

341 1061 430 1102 orem
467 1039 595 1102 fabulae
629 1041 851 1103 recensionem
887 1050 1032 1102 secutum
1068 1061 1149 1102 esse.
1197 1042 1234 1104 ln
1258 1041 1408 1103 omnibus

342 1148 407 1210 sere
442 1149 582 1211 narratio
616 1149 684 1210 eius
718 1169 791 1210 cum
825 1147 933 1210 sabula
958 1148 1065 1210 Halm.
1093 1165 1154 1227 233
1180 1149 1225 1210 ita
1248 1149 1407 1230 congruit,

341 1266 377 1316 ut
411 1277 477 1318 non
512 1257 640 1337 possint
674 1276 739 1318 non
763 1257 847 1318 inter
869 1276 904 1317 se
929 1256 1070 1338 quodam
1096 1256 1196 1317 modo
1219 1256 1406 1330 cohaerere3

341 1362 454 1425 confer
476 1364 577 1424 enim:
601 1361 705 1424 Κύων
728 1361 836 1442 κρέας
861 1361 991 1442 ἔχουσα
1013 1360 1165 1443 ποταμὸν
1189 1360 1339 1449 διέβαινε
1361 1389 1407 1416 =

343 1469 440 1532 Canis
453 1491 510 1552 per
520 1470 639 1533 {lumen
650 1491 779 1532 carnem
788 1491 887 1551 quum
898 1470 992 1532 ferret
1000 1480 1116 1533 natans
1124 1480 1199 1548 etc.;
1211 1469 1408 1553 θεασαμένη

342 1574 382 1638 δὲ
427 1575 488 1656 τὴν
534 1576 660 1657 ἑαυτῆς
705 1577 804 1641 σκιὰν
841 1559 930 1640 κατὰ
968 1579 1028 1639 τοῦ
1064 1575 1201 1655 ὕδατος,
1234 1576 1406 1664 ὑπέλαβεν

342 1683 466 1763 ἑτέραν
476 1682 564 1746 κύνα
576 1684 670 1771 εἶναι,
686 1686 798 1768 μεῖζον
808 1684 916 1764 κρέας
927 1682 1129 1764 dionunt:
1140 1685 1364 1766 Lympharum
1375 1686 1407 1747 in

341 1791 474 1872 speculo
510 1793 591 1855 uidit
625 1793 831 1855 simulacrum
856 1813 960 1867 suum,
986 1791 1162 1874 Aliamque
1185 1793 1345 1874 praedam·
1365 1793 1407 1854 ab

341 1898 404 1960 alio
428 1920 509 1961 cane
533 1900 606 1962 ferri
630 1909 749 1980 putans
775 1949 941 1962 ......
951 1917 958 1974 ;
977 1899 1114 1961 Babrius
1130 1909 1293 1974 auctorue,
1311 1921 1407 1981 quem

341 2018 470 2070 secutus
494 2018 551 2081 est,
578 2008 715 2069 eandem
741 2006 883 2070 fabulam
909 2027 981 2068 cum
1006 2005 1067 2070 alia
1091 2008 1299 2069 coniunxisse
1323 2008 1405 2068 uide·

341 2125 400 2189 tur,
437 2135 520 2196 quae
555 2125 604 2177 est
641 2114 749 2177 Halm.
785 2131 858 2194 232,
889 2115 920 2176 in
945 2135 1010 2195 qua
1033 2115 1124 2175 canis
1148 2134 1277 2176 carnem
1302 2135 1320 2176 e
1343 2135 1407 2176 ma·

278 2272 280 2277 .
341 2221 423 2284 cello
455 2221 576 2285 furatus
599 2243 671 2284 csse
695 2223 819 2284 dicitur.
871 2221 1021 2284 Ceterum
1045 2222 1142 2283 etiam
1168 2242 1207 2283 ea
1230 2243 1272 2282 ex
1297 2243 1330 2283 re
1354 2241 1407 2302 ap-

341 2340 434 2410 paret
461 2331 605 2410 peiorem
630 2330 738 2390 Babrii
763 2328 890 2391 fabulae
915 2329 1012 2392 inisse
1037 2329 1170 2404 fontem,
1196 2329 1284 2409 quod
1309 2329 1407 2391 uerba

342 2438 409 2498 eius
437 2436 511 2498 »καὶ
536 2435 578 2516 δὴ
595 2435 718 2517 παρῄει
733 2434 902 2517 ποταμόν»
931 2447 1033 2499 totum
1052 2436 1117 2498 sere
1133 2457 1263 2498 sensum
1281 2435 1408 2498 sabulae

342 2556 562 2625 corrumpunt.
610 2542 748 2624 intelligi
784 2544 869 2605 enim
893 2564 959 2606 non
983 2554 1092 2624 potest
1116 2545 1283 2624 quomodo
1307 2544 1406 2617 canis,

340 2654 366 2716 si
399 2653 490 2714 iuxta
514 2652 633 2713 flumen
666 2662 814 2727 curreret,
840 2650 1045 2713 simulacrum
1071 2652 1177 2713 carnis
1201 2652 1233 2712 in
1257 2671 1341 2732 aqua
1365 2652 1407 2712 ui·

342 2761 418 2821 dere
443 2769 563 2841 posset.
612 2758 685 2821 Hac
709 2779 743 2820 re
768 2757 941 2839 Bergidum
966 2756 1111 2838 aliosque
1136 2752 1319 2821 commotos
1335 2777 1407 2820 esse

340 2867 448 2942 credo,
485 2877 519 2928 ut
549 2865 648 2950 (quod
674 2867 705 2926 in
729 2867 871 2928 editione
896 2865 998 2928 Crusii
1022 2885 1097 2946 pag.
1125 2881 1167 2946 70
1190 2863 1309 2949 inueni)
1337 2863 1406 2927 »πέ

339 2988 443 3053 ρησε»
472 2995 531 3054 pro
560 2971 720 3053 »παρῄεα
741 2972 927 3048 scriberent,
946 2993 1043 3054 quam
1060 2983 1171 3035 tamen
1188 2974 1406 3034 coniecturam

340 3080 427 3143 nullo
452 3081 551 3142 modo
576 3081 801 3160 accipiendam
825 3101 896 3142 esse
915 3080 1027 3144 Crusio
1045 3081 1213 3143 assentior.
1243 3079 1405 3159 Quoniam

339 3189 424 3249 enim
461 3188 577 3249 eodem
613 3197 695 3249 teste
726 3187 819 3250 Theo
855 3208 947 3268 prog.
987 3205 1003 3266 3
1030 3208 1102 3249 cum
1128 3188 1246 3249 Babrio
1272 3207 1405 3268 congru·

321 3280 323 3284 ’
341 3315 399 3356 ens
418 3295 517 3357 habet
544 3294 657 3373 »παρὰ
679 3293 848 3376 ποταμόν»
869 3306 901 3357 et
918 3295 1132 3376 Doxopatrus
1149 3294 1267 3375 (Walz.
1284 3294 1313 3355 II
1329 3313 1404 3374 pag.

344 3400 414 3486 188)
457 3400 528 3468 »ἐπὶ
563 3400 622 3463 τὸν
651 3401 820 3484 ποταμόν»
848 3414 880 3464 et
904 3402 1133 3465 tetrastichista
1157 3402 1251 3464 huius
1275 3400 1405 3462 fabulae

339 3511 456 3571 eodem
492 3509 592 3571 modo
628 3509 727 3571 habet
765 3509 926 3589 »ῥείθρου
961 3508 1120 3589 πλησίον»
1160 3508 1211 3593 (cs.
1245 3508 1334 3570 Crus¹
1353 3509 1404 3570 ed.

339 3637 414 3697 pag.
452 3617 538 3696 267),
575 3637 614 3678 ea
650 3638 683 3679 re
706 3619 785 3680 satis
809 3619 1057 3698 comprobatum
1082 3637 1154 3679 esse
1178 3636 1297 3679 censeo
1322 3615 1404 3677 lecti-

338 3745 435 3786 onem
449 3724 534 3786 illam
551 3724 709 3806 »παρῄεα
727 3726 769 3786 ab
782 3727 854 3806 ipso
867 3725 985 3786 Babrio
999 3725 1131 3786 insonte
1144 3726 1308 3786 inuentam
1320 3734 1406 3786 recte

338 3832 504 3894 codicibus
540 3833 634 3894 nobis
667 3834 818 3895 traditam
843 3853 923 3894 esse.
971 3832 1006 3895 Si
1030 3843 1138 3894 autem
1164 3853 1291 3894 uersum
1317 3831 1405 3892 sabu·
1463 3813 1464 3818 ἵ

338 3938 388 4000 lae
422 3941 600 4003 secundum
636 3951 722 4002 recte
758 3961 793 4002 se
828 3941 949 4002 habere
983 3935 1163 4015 statuimus,
1190 3959 1324 4001 necesse
1347 3939 1405 4000 erit

338 4066 411 4107 cum
461 4047 690 4110 Ruthersordio
736 4068 863 4110 uersum
899 4048 920 4109 6
956 4046 1073 4122 delere,
1109 4068 1205 4129 quem
1237 4046 1410 4128 quomodo*
1465 4031 1466 4036 ἵ

339 4154 475 4216 retinere
511 4157 614 4236 possit
649 4155 779 4218 Crusius
815 4176 880 4217 non
915 4154 1069 4236 intelligo,
1117 4156 1154 4217 In
1188 4154 1293 4216 lexico
1317 4155 1403 4217 enim
