3244 4868
742 405 894 464 με--

285 618 371 698 ped,
397 618 436 696 11,
461 638 492 697 p.
520 633 536 677 2
564 637 588 678 s
616 616 734 698 Auian)
759 617 932 678 coniecerit
956 614 1130 688 Asianum,
1156 635 1251 695 (prem
1277 625 1351 694 post

285 725 426 788 medium
462 722 628 786 saeculum
664 725 792 786 tertium
828 724 949 786 uixisse
983 723 1061 786 inde-
1086 721 1260 796 concludit,
1285 743 1351 784 nou

285 833 406 913 ipsius¹
435 831 542 894 Babrii
593 829 701 905 libros
746 832 805 892 sed
844 830 1056 913 paraphrasin
1095 831 1214 892 Titiani
1252 829 1350 892 latine

284 940 439 1020 scriptam
479 938 675 1001 adhibuisse.
724 937 833 1019 Quum
873 948 981 1000 autem
1017 937 1164 1000 Titianus
1199 936 1350 1000 Ausonio

285 1057 368 1109 teste
403 1045 491 1124 (uide
528 1045 618 1107 Crus
650 1047 700 1107 ed.
727 1046 912 1108 testimonia
937 1064 1012 1126 pag.
1039 1045 1070 1128 7)
1094 1043 1219 1107 fabulas
1243 1044 1351 1106 Eabrii

284 1154 363 1216 satis
398 1162 548 1216 accurate
578 1153 779 1233 expressisse
802 1153 960 1227 uideatur,
986 1153 1082 1214 etiam
1108 1151 1279 1214 uerisimile
1303 1163 1352 1214 est

181 1289 184 1294 ¹
285 1281 358 1323 eum
400 1280 568 1323 numerum
607 1259 761 1323 librorum
801 1269 833 1322 et
871 1260 1131 1322 distributionem
1154 1258 1350 1322 ¹fabularum

285 1369 464 1430 retinuisse.
512 1366 578 1430 Sed
603 1368 728 1449 etiamsi
753 1367 905 1429 Auianus
928 1368 1059 1429 Titiano
1084 1388 1143 1448 pro
1164 1367 1252 1429 sonte
1269 1368 1351 1448 prin·

288 1473 386 1556 cipali
422 1494 497 1536 usus
521 1485 580 1549 est,
606 1495 671 1536 non
695 1475 811 1537 dubito
836 1476 913 1556 quin
938 1476 1028 1537 iuxta
1054 1475 1263 1556 paraphrasin
1283 1476 1351 1537 eius

286 1583 383 1644 etiam
408 1583 515 1663 ipsum
534 1602 656 1662 corpus
672 1581 869 1646 Babrianum
886 1581 1046 1644 fabulator
1063 1602 1216 1644 romanus
1232 1602 1351 1663 cogno-

285 1691 375 1765 uerit,
401 1710 500 1771 quum
524 1691 555 1752 in
580 1688 727 1770 epistola,
751 1710 850 1771 quam
866 1690 945 1764 dixi,
963 1689 1071 1752 uerbis
1087 1689 1175 1750 haud
1192 1689 1352 1770 ambiguis

284 1798 385 1859 dicat:
427 1816 528 1878 »quas
564 1795 714 1881 (fabulas)
748 1797 874 1878 graecis
903 1797 1019 1859 iambis
1043 1796 1178 1858 Babrius
1202 1806 1352 1877 repetens

214 1896 216 1900 ’
285 1904 316 1966 in
346 1904 411 1966 duo
440 1903 605 1966 uolumina
629 1905 794 1966 coartauit,
844 1904 1006 1966 Phaedrus
1030 1905 1126 1965 etiam
1150 1913 1276 1984 partem
1299 1902 1354 1964 ali:

286 2032 384 2093 quam
421 2011 563 2092 quinque
598 2012 629 2072 in
667 2009 792 2073 libellos
818 2009 978 2073 resoluit.»
1029 2011 1121 2072 Duos
1145 2011 1242 2092 igitur
1264 2009 1352 2072 solos

155 2110 168 2130 ⁶
231 2166 237 2178 ,
285 2119 394 2181 Babrii
413 2117 512 2180 libros
529 2118 680 2181 Auianus
696 2119 861 2200 cognouit.
887 2117 985 2199 Quod
1002 2117 1139 2180 Babrius
1155 2118 1352 2198 decamythi-
1404 2103 1407 2109 ¹

284 2246 337 2288 am
373 2225 548 2288 Nicostrati
584 2225 731 2287 uersibus
761 2225 952 2300 inclusisset,
979 2227 1065 2288 unde
1089 2225 1351 2306 probabilitatem

285 2333 516 2407 testimonium,
542 2332 630 2414 quod
656 2332 754 2394 habet
778 2331 896 2396 Suidas
919 2334 960 2394 de
984 2333 1098 2395 decem
1123 2331 1211 2394 libris
1233 2333 1350 2407 Rubrii,

284 2449 517 2522 assequeretur,
550 2451 585 2502 ut
609 2441 816 2503 coniecerunt
839 2427 971 2503 Crusius
995 2440 1103 2521 (Babr.
1129 2449 1191 2502 aet.
1219 2442 1295 2520 228)
1320 2450 1352 2502 et

284 2547 532 2610 Ruthersordius
567 2546 704 2629 (Proleg.
742 2549 826 2628 XL),
859 2569 948 2610 mera
973 2557 1023 2609 est
1046 2549 1241 2622 coniectura,
1267 2567 1350 2630 quae

283 2657 483 2735 argumentis
507 2676 621 2736 parum
645 2655 745 2717 firmis
769 2657 888 2718 nititur.

390 2761 424 2824 Si
448 2762 490 2824 ad
515 2762 718 2842 prooemium
742 2761 824 2824 libro
850 2762 863 2823 Ι
887 2762 994 2825 Babrii
1011 2761 1190 2842 praefixum
1208 2763 1351 2823 animum

282 2868 526 2944 aduerterimus‚
564 2889 625 2931 nos
660 2890 725 2932 uon
754 2869 854 2951 lugiet
879 2880 1044 2932 auctorem
1069 2871 1100 2932 in
1125 2869 1188 2932 hoc
1211 2868 1352 2950 prologo

283 2976 514 3056 componendo
549 2978 753 3058 propositum
789 2999 809 3040 a
845 2978 969 3039 ratione
992 2997 1069 3039 uere
1093 2977 1352 3058 Aesopea.quo·

283 3085 359 3146 dam
395 3085 494 3145 modo
525 3084 703 3146 abhorrens
727 3085 908 3166 professum
932 3105 1012 3147 esse.
1061 3085 1132 3146 Iure
1156 3085 1241 3146 enim
1267 3084 1347 3146 Har·

282 3192 414 3272 tungius
438 3192 468 3253 in
493 3191 585 3267 libro,
610 3193 665 3274 qui
689 3193 872 3255 inscribitur
899 3192 1053 3254 »Babrius
1075 3193 1142 3254 und
1158 3193 1211 3254 die
1228 3191 1349 3254 alteren

282 3298 573 3374 lambendichter,>·›
613 3319 688 3381 pag.
727 3317 763 3362 21
804 3299 974 3380 distinguit
1010 3300 1092 3361 inter
1107 3299 1259 3362 tabellas
1282 3297 1356 3361 illas·

284 3405 431 3486 pueriles
456 3427 540 3488 quae
564 3407 706 3468 animum
730 3427 904 3490 puerorum
930 3417 1160 3470 commoneant
1177 3417 1208 3469 et
1224 3406 1350 3468 fabulas

282 3511 352 3575 illas
392 3513 574 3594 Aesopeas
611 3534 696 3595 quae
731 3513 928 3577 intellectum
964 3514 1130 3576 hominum
1167 3525 1357 3578 exerceant.¹

281 3620 368 3682 Inter
404 3599 518 3683 omnes
553 3621 618 3683 sere
654 3623 741 3683 uiros
776 3622 893 3683 doctos
929 3641 1015 3684 nunc
1046 3622 1177 3703 quidem
1202 3633 1352 3684 constare

281 3728 408 3790 uidetur
441 3728 493 3808 (cs.
531 3729 706 3792 Hausrath.
743 3729 761 3791 l.
800 3728 833 3809 l.)
869 3728 996 3810 Aesopi
1032 3728 1131 3791 libros
1167 3730 1353 3793 hominibus

281 3836 465 3898 maturioris
481 3839 597 3899 aetatis
615 3857 680 3899 non
697 3839 797 3898 modo
814 3836 988 3917 amplioriS,
1006 3837 1064 3898 sed
1082 3838 1178 3899 etiam
1192 3838 1350 3900 inferioris

280 3943 428 4006 fortunae
463 3945 602 4024 scriptos
633 3944 807 4025 populares
831 3942 975 4018 fabellas,
1001 3964 1085 4024 quae
1108 3965 1238 4008 sensum
1263 3965 1348 4007 com·

280 4071 409 4114 munem
446 4051 623 4133 legentium
658 4056 813 4126 tenerent,
852 4052 1041 4114 narrauisse.
1090 4052 1225 4114 Babrius
1252 4054 1348 4133 igitur

279 4179 376 4242 quum
402 4157 549 4224 Brancho
575 4177 675 4243 puero
700 4159 789 4243 regio
813 4160 900 4240 (nam
923 4157 1104 4225 Branchum
1123 4179 1187 4226 non.
1204 4162 1345 4229 eundem
