3260 4882
230 1056 295 1129 De
315 1055 473 1130 Babrio
492 1065 913 1152 progymnasmatum
929 1055 1140 1130 rhetorum
1156 1067 1294 1154 poste-

566 1179 719 1254 riorum
749 1181 967 1255 imitatore.

324 1361 466 1438 'Praeter
489 1375 589 1438 libros
612 1376 739 1457 Aesopi
764 1375 939 1458 populares
962 1376 1042 1439 alias
1063 1398 1193 1459 quoque
1207 1377 1294 1441 fabu-

230 1484 332 1546 larum
367 1483 575 1546 collectiones
609 1486 680 1546 usui
713 1483 896 1546 scholarum
920 1486 1128 1566 compositas
1145 1485 1296 1549 manibus

229 1592 395 1654 hominum
433 1593 619 1673 posterioris
648 1603 734 1654 certe
758 1593 958 1673 antiquitatis
981 1594 1073 1655 tritas
1095 1613 1167 1655 esse
1191 1593 1295 1656 Haus-

229 1699 350 1762 rathius
385 1698 404 1762 l.
441 1698 459 1761 l.
486 1719 561 1781 pag.
589 1715 659 1778 312,
676 1719 747 1781 sqq.
773 1700 1022 1762 demonstrauit.
1071 1700 1295 1781 Eprooemio
1341 1696 1344 1702 ’

229 1805 336 1894 Babrii
364 1807 394 1868 ΙΙ
431 1806 596 1888 profectus
620 1805 751 1886 Crusius
775 1806 1082 1891 (Pauly-Wissowae
1105 1807 1294 1888 encycl.·ll‚

230 1915 329 1995 2662)
359 1923 445 1976 recte
469 1915 549 1977 uidit
573 1922 705 1994 po'e'tam
722 1924 754 1976 et
771 1914 803 1975 in
821 1915 893 1994 ipso
910 1913 1049 1996 prologo
1066 1925 1098 1976 et
1114 1916 1145 1976 in
1163 1914 1288 1990 sabulis

227 2041 313 2102 quae
336 2022 379 2083 ad
403 2042 477 2083 eum
503 2023 675 2103 pertinent,
701 2021 945 2084 conscribendis
969 2021 1091 2084 fontem
1109 2023 1296 2104 posterioris

228 2128 344 2191 aetatis
379 2130 421 2190 ad
457 2149 551 2190 usum
586 2129 751 2191 rhetorum
786 2129 1072 2192 accommodatum
1097 2129 1294 2192 adhibuisse.

227 2235 319 2298 idem
342 2237 392 2298 uir
415 2235 531 2298 doctus
554 2233 690 2320 (proleg.
715 2236 876 2310 editionis,
904 2256 979 2318 pag.
1005 2235 1142 2316 XXXII)
1167 2235 1296 2318 longius

228 2343 326 2405 etiam
359 2361 552 2424 progressus
587 2342 660 2405 loco
696 2343 839 2425 quodam
877 2343 1023 2405 Theonis
1048 2343 1184 2406 rhetoris
1202 2347 1292 2425 ¹(cap.

229 2467 258 2525 2,
295 2470 370 2532 pag.
412 2462 472 2529 159
509 2448 623 2534 Walz.)
658 2451 746 2512 nisus
781 2451 893 2512 statuit
923 2439 1076 2513 Babrium
1107 2451 1150 2512 ab
1174 2453 1292 2514 eodem
1336 2531 1337 2538 ἵ

229 2555 407 2620 tabularum
442 2567 476 2620 et
509 2557 735 2640 exemplorum
760 2557 849 2620 fonte
873 2568 972 2639 atque
996 2558 1166 2621 Theonem
1191 2559 1295 2622 rheto-

228 2684 295 2727 rem
320 2665 472 2747 pendere.
512 2665 664 2728 Babrium
688 2675 812 2727 sectam
835 2664 979 2727 Theonis
996 2665 1132 2728 rhetoris
1148 2677 1294 2729 secutum

228 2791 300 2836 esse
334 2791 433 2854 posse
466 2772 554 2834 haud
578 2770 793 2854 improbabile
817 2771 939 2835 faciunt
962 2792 1011 2847 ea,
1037 2793 1120 2853 quae
1144 2775 1186 2835 ad
1211 2785 1296 2836 aeta-

227 2890 293 2942 tem
323 2879 416 2942 huius
441 2881 576 2944 rhetoris
600 2881 782 2942 accuratius
806 2879 1024 2942 definiendam
1048 2901 1068 2942 a
1091 2882 1166 2942 uiris
1190 2883 1297 2944 doctis

227 2988 394 3068 disputata
431 2997 517 3054 sunt.
564 2988 633 3050 Iam
672 2989 751 3050 satis
789 2996 939 3050 constare
973 2987 1100 3050 uidetur
1123 2989 1292 3052 Theonem

227 3097 310 3158 inter
345 3104 671 3176 progymnasmatum
701 3105 850 3158 auctores
874 3096 1060 3176 primarium
1084 3094 1190 3158 locum
1214 3095 1295 3158 obti-

227 3222 303 3265 nere
327 3223 434 3284 neque
458 3201 513 3264 ulli
529 3223 647 3286 eorum
672 3202 851 3265 obnoxium
876 3223 957 3278 esse,
981 3204 1104 3265 utiam
1129 3203 1204 3266 inde
1220 3224 1294 3266 eum

228 3320 335 3372 aetate
358 3320 484 3372 ceteros
507 3329 659 3392 superare
680 3308 875 3372 concludere
891 3309 995 3373 liceat.
1044 3310 1127 3372 Eum
1144 3310 1295 3392 Aphtho-

229 3419 282 3480 nio
312 3416 427 3480 saltem
451 3418 649 3499 superiorem
674 3438 746 3479 esse
766 3419 829 3481 iam
848 3419 986 3480 Ioannes
1004 3416 1150 3481 Scheffer
1166 3418 1294 3500 (Wala,

113 3581 116 3588 .
228 3525 323 3587 Rhet.
362 3544 468 3606 graec.
494 3545 570 3607 pag.
600 3527 673 3606 139)
697 3525 774 3588 inde
797 3524 929 3606 colligit,
955 3527 1043 3606 quod
1068 3527 1140 3607 ipso
1165 3537 1297 3589 auctore

227 3633 350 3712 primus
390 3651 466 3694 usus
506 3642 832 3714 progymnasmatum
868 3631 1069 3714 singulorum
1104 3634 1295 3710 definiuerit,

227 3737 439 3819 Aphthonius
463 3749 571 3802 autem
596 3742 626 3802 in
645 3741 773 3820 scriptis
790 3741 856 3802 suis
874 3738 961 3803 idem
979 3739 1097 3803 lecerit.
1138 3741 1295 3823 Aliquan-

227 3856 296 3908 tum
321 3848 362 3909 ad
387 3847 592 3929 probandum
613 3849 712 3910 etiam
729 3848 762 3909 id
779 3847 936 3910 Schefferi
952 3859 1178 3929 argumentum
1196 3848 1295 3935 (idem

221 3954 319 4016 affert
334 3956 432 4018 etiam
449 3954 654 4036 Hoppiehler
674 3955 745 4016 »De
759 3955 905 4032 Theone,
921 3955 1131 4038 Hermogene
1143 3958 1293 4040 Aphtho-

226 4063 345 4141 nioque
386 4071 711 4143 progymnasmatum
750 4065 968 4140 auctoribus»,
1005 4083 1081 4146 pag.
1119 4065 1171 4150 27)
1195 4065 1290 4142 ualet,

227 4170 316 4249 quod
351 4189 370 4230 a
405 4169 542 4232 Theone
577 4171 658 4232 sicut
687 4170 730 4232 ab
756 4171 965 4252 Hermogene
989 4193 1054 4234 uno
1078 4173 1186 4252 capite
1210 4193 1295 4235 com-
