3244 4868
662 417 840 490 ‚gs

215 623 385 707 rudperto»
414 625 515 688 uerbo
539 626 601 687 hoc
625 625 698 688 loco
723 625 805 688 sicut
829 623 893 685 sab.
918 623 970 701 96,
1001 641 1011 684 1
1043 620 1280 703 praetereundi,

212 751 277 794 non
311 733 497 794 transeundi
533 733 564 794 ui
596 733 708 794 addita
732 733 870 793 eandem
896 751 1007 792 uersus
1031 732 1165 792 secundi
1188 732 1282 792 inter-

212 839 429 919 pretationem
452 849 550 920 atque
575 839 824 902 Rutherfordius
848 839 914 919 (qui
931 839 1025 900 uertit
1045 857 1130 900 »was
1148 839 1282 922 passing

213 945 311 1028 along
334 967 354 1008 a
378 946 479 1008 rivers
502 945 624 1031 bank»)
648 945 801 1028 amplecti
825 946 961 1008 uidetur.
1240 1024 1242 1027 ι

319 1052 487 1129 Fabulam,
524 1073 609 1135 quae
643 1054 686 1116 de
723 1053 809 1118 Solis
844 1054 964 1137 nuptiis
1000 1064 1154 1129 narratur,
1181 1055 1282 1144 multo
1392 1125 1394 1129 .

212 1162 334 1224 maiore
357 1161 421 1223 fide
444 1181 487 1223 ex
511 1161 638 1242 sylloge
661 1161 819 1242 Aesopea
842 1160 1004 1223 transtulit
1027 1161 1173 1224 Babrius.
1219 1163 1280 1224 Pri·

213 1289 301 1331 mum
335 1269 424 1350 quod
459 1280 536 1351 apte
570 1271 648 1331 dicit
683 1269 818 1332 Babrius
842 1268 952 1333 Solem
978 1269 1111 1331 aestatis
1135 1281 1283 1350 tempore

212 1396 347 1438 uxorem
381 1376 523 1451 duxisse,
559 1377 592 1439 id
628 1396 647 1437 a
682 1376 839 1451 Phaedro,
874 1377 929 1458 qui
965 1376 1082 1440 habet:
1116 1375 1281 1439 »onrem

212 1483 379 1564 quondam
415 1482 472 1546 Sol
505 1505 604 1565 quum
640 1482 737 1545 uellet
770 1485 907 1546 ducere»
936 1485 1199 1564 praetermissum
1223 1494 1281 1559 est,

170 1603 173 1606 '
214 1590 302 1671 quod
338 1599 448 1662 tamen
481 1592 586 1654 omitti
610 1591 742 1653 minime
765 1591 942 1672 opportuit,
970 1593 1158 1673 praesertim
1183 1611 1282 1672 quum

214 1718 252 1760 ea
288 1692 482 1779 potissinum
520 1718 554 1760 re
582 1697 714 1778 periculi
738 1699 930 1779 magnitudo
955 1701 1198 1779 exprimeretur.
1246 1699 1283 1760 Id

213 1806 298 1867 enim
334 1814 442 1886 caput,
478 1814 515 1867 ut
547 1807 594 1867 ita
631 1807 748 1880 dicam,
774 1805 903 1868 fabulae
926 1816 984 1868 est.
1033 1807 1162 1868 Deinde
1185 1808 1217 1868 in
1244 1827 1284 1868 ea
1368 1861 1369 1864 ,

213 1932 345 1994 qnoque
380 1933 414 1974 re
450 1913 555 1975 minus
579 1911 750 1994 diligenter
773 1914 841 1993 egit
864 1913 1038 1988 Phaedrae,
1063 1915 1152 1994 quod
1177 1934 1282 1987 ranas,

213 2039 311 2101 quum
347 2020 456 2082 statim
492 2009 727 2083 intellexissent
762 2019 948 2102 periculum,
979 2020 1154 2083 clamorem
1179 2022 1220 2083 ad
1245 2022 1283 2083 si-

200 2123 291 2188 dera
322 2125 472 2190 tollentes
496 2127 580 2190 secit.
629 2127 684 2189 Ad
711 2128 835 2200 fontem¹
858 2127 1050 2210 Aesopeum
1076 2130 1209 2210 propius
1233 2149 1283 2191 ac·

213 2236 333 2297 cedens
356 2234 492 2296 Babrius
516 2255 611 2296 ranas
628 2237 766 2315 primum
783 2236 904 2316 gaudio
921 2234 1022 2298 elatas
1040 2236 1158 2298 choros
1175 2237 1282 2297 duxis-

214 2361 258 2417 se,
284 2342 403 2404 deinde
426 2338 469 2404 de
492 2341 635 2423 periculo
660 2344 800 2404 monitas
823 2363 894 2404 esse
919 2353 1035 2408 narrat.

324 2449 361 2510 ln
385 2448 503 2524 fabula,
528 2470 613 2531 quae
637 2460 686 2512 est
709 2450 750 2511 de
774 2470 852 2531 grue
876 2449 953 2529 lupo
970 2452 1163 2512 medicinam
1182 2449 1279 2513 seren·

214 2568 256 2631 te,
302 2559 463 2619 narranda
504 2577 618 2619 omnes
662 2567 820 2632 auctores,
867 2562 921 2639 qui
961 2579 1033 2620 eam
1071 2559 1281 2633 tradiderunt,

216 2683 377 2726 summam
402 2663 525 2726 formae
550 2666 763 2746 primigeniae
786 2666 967 2728 seruandae
991 2664 1179 2746 religionem
1197 2665 1285 2727 adhi-

218 2772 366 2834 buerunt.
414 2771 540 2834 Nullius
575 2773 660 2834 enim
697 2773 853 2835 momenti
875 2793 946 2834 esse
972 2793 1091 2834 censeo
1115 2773 1204 2853 quod
1229 2773 1286 2835 Ba·

217 2879 305 2942 brius
339 2889 372 2940 et
407 2878 515 2941 Halm.
554 2880 618 2958 276
651 2899 710 2960 pro
735 2900 814 2960 grue
838 2881 969 2942 ardeam
994 2881 1160 2955 inducunt,
1185 2901 1284 2960 quum

217 2986 249 3047 in
274 2987 389 3048 ceteris
412 2986 563 3048 omnibus
587 2989 666 3048 satis
690 2989 732 3049 ad
757 2987 859 3049 uerba
875 3007 949 3048 cum
966 2987 1112 3049 Phaedro
1129 2997 1161 3049 et
1174 2987 1284 3050 Halm.

211 3088 294 3173 ,276⁶
330 3106 541 3175 congruant..
568 3093 720 3174 Exempli
757 3114 856 3156 causa
879 3095 980 3156 affero
1004 3096 1130 3157 initium
1156 3093 1286 3156 fabulae

218 3195 305 3280 276⁶:
330 3199 451 3262 Λύκου
474 3198 557 3263 ποτὲ
579 3201 686 3283 λαιμῷ
710 3201 835 3263 ὀστέον
859 3201 968 3281 ἐπάγη
992 3230 1037 3257 =
1060 3201 1154 3264 Babr.
1181 3199 1286 3284 Λύκῳ

215 3307 417 3369 ποτ’ὀστοῦν
440 3308 600 3389 φάρυγος
624 3306 722 3384 ἐντὸς
735 3307 888 3388 ἠράσθη·
907 3320 940 3371 et
958 3310 1081 3371 exitum
1099 3309 1163 3372 sab.
1177 3307 1285 3372 Halm.

193 3463 197 3472 ,
218 3416 299 3494 276:
326 3400 439 3494 'oprtet
475 3431 530 3477 σοι
553 3413 611 3476 καὶ
634 3413 673 3476 τὸ
703 3414 807 3497 μόνον
831 3414 927 3498 σῴαν
951 3417 1079 3490 ἐξελεῖν
1102 3414 1163 3496 τὴν
1184 3436 1287 3497 κεφα-

215 3519 278 3599 λήν
300 3549 346 3576 --
369 3522 466 3584 Babr.
490 3521 547 3584 ool
572 3520 694 3604 μισθὸς
717 3524 816 3601 ἀρκεῖ
838 3517 994 3605 κεφαλὴν
1009 3522 1146 3586 λυκείου
1165 3522 1287 3606 στόμα-

216 3647 276 3706 τος
311 3629 439 3701 ἐξελεῖν
479 3625 581 3711 σῴην,
629 3628 728 3709 Quod
767 3631 809 3692 ad
845 3631 1053 3711 prouerbium
1085 3630 1162 3693 illud
1187 3630 1287 3712 uulgo

135 3769 137 3774 ·
218 3737 384 3816 cognitum
410 3736 533 3799 Zenob.
559 3737 613 3810 Ill,
640 3740 698 3815 48:
727 3738 785 3799 »ἐκ
808 3737 915 3800 λύκου
930 3737 1117 3820 στόματος»
1139 3738 1287 3801 aCrusio

217 3844 259 3904 ad
297 3843 381 3906 hanc
421 3843 564 3906 fabulam
601 3854 750 3935 notatum
785 3843 836 3928 (cf.
874 3848 924 3909 ed.
964 3866 1039 3927 pag.
1077 3845 1130 3930 82)
1152 3848 1286 3923 attinet,

217 3971 283 4012 non
317 3951 433 4013 dubito
468 3953 546 4031 quin
580 3973 622 4014 ex
657 3952 718 4014 hac
753 3952 863 4016 fabula
900 3953 1101 4016 nobilissima
1130 3954 1287 4034 originem

217 4058 360 4120 traxerit.
