3260 4882
669 405 865 470 „139..

233 604 288 667 Ad
324 605 393 668 eius
429 606 555 688 generis
590 603 748 684 originem
775 597 961 665 referendae
985 623 1057 664 esse
1081 604 1231 667 uidentur
1254 604 1296 668 fa·

232 712 342 774 bulae:
368 714 398 786 6,
426 727 454 790 7,
486 729 532 790 13,
558 730 611 790 44,
637 726 689 790 45,
718 728 768 790 73,
794 729 846 789 91,
878 727 947 784 101,
979 727 1048 788 104,
1080 727 1149 773 120.
1181 757 1184 762 ,

338 820 578 900 Argumentum
616 817 743 882 labulac
779 819 963 898 Aesopeae¹
1000 839 1084 898 quae
1118 829 1167 880 est
1202 819 1296 882 Babr.

187 978 190 985 .
234 944 273 1006 27
299 953 342 986 s:
366 927 500 989 l'haedr.
538 927 560 1000 Ι,
600 943 650 1001 22,
677 928 852 1008 praecipue
877 927 1021 987 rhetores
1045 927 1241 1008 posteriores
1261 938 1298 990 ut
1356 935 1359 940 ’

233 1056 336 1097 nouas
373 1034 498 1097 fabulas
533 1034 757 1115 confingerent
792 1035 1010 1096 commouisse
1046 1034 1121 1095 inde
1152 1033 1296 1120 colligas

232 1143 320 1223 quod
356 1153 387 1203 et
412 1142 547 1204 Rubrius
571 1143 672 1204 tribus
696 1152 783 1203 certe
807 1140 923 1203 sabulis
948 1143 990 1221 (6,
1022 1144 1173 1219 13‚.124)
1197 1142 1229 1203 id
1254 1163 1297 1202 re·

131 1293 134 1299 ·
231 1252 321 1312 coxit
357 1271 415 1311 nec
445 1269 509 1311 non
535 1251 565 1310 in
591 1249 783 1311 collectione
808 1246 929 1310 Halmii
953 1248 1074 1310 similes
1097 1250 1298 1312 narrationes

232 1360 374 1426 inuenire
397 1358 480 1420 licet.
529 1359 573 1419 Vt
598 1360 639 1419 de
663 1356 771 1419 sabula
794 1358 889 1420 Babr.
915 1358 1098 1437 oprimum
1115 1367 1295 1438 quaeratur,

232 1467 379 1546 personis
414 1467 483 1526 cius
519 1466 650 1527 mutatis
674 1466 828 1547 (piscator
851 1489 895 1522 z
918 1465 1032 1538 homo;
1058 1463 1230 1544 pisciculus
1257 1491 1297 1522 2:

232 1573 379 1657 mustela)
413 1584 624 1653 argumento·
653 1575 680 1634 si
716 1572 812 1642 finem
837 1574 915 1646 21115,
941 1593 1039 1653 quem
1067 1571 1240 1653 »languere
1263 1583 1296 1636 et

231 1680 458 1744 scholasticum
494 1701 583 1741 esse»
619 1681 749 1742 Cmsius
773 1681 880 1759 (Babr.
907 1691 968 1742 aet.
996 1701 1025 1760 p.
1054 1683 1130 1756 204)
1155 1681 1297 1742 animad-

230 1789 334 1863 uertit,
371 1790 520 1868 equidem
546 1789 586 1849 ad
613 1787 819 1868 prouerbium
844 1789 954 1848 nescio
979 1788 1067 1868 quod
1092 1787 1295 1852 referendum

229 1915 301 1957 esse
337 1916 464 1968 censeo,
502 1897 735 1974 exceperimus
773 1896 906 1956 omnino
938 1896 1053 1956 cadem
1078 1906 1179 1975 atque
1202 1896 1295 1959 Babr.

232 2019 271 2082 27
296 2028 340 2060 z:
364 2003 498 2064 Phaedr.
530 2003 552 2076 I,
580 2019 619 2063 22
645 1988 702 2064 cst.
753 2003 802 2064 Ue
827 2001 935 2063 sabula
957 1996 1000 2080 '13
1027 2023 1105 2063 mox
1130 2002 1212 2064 infra
1235 2004 1298 2064 dis-

231 2111 403 2190 putabitur.
435 2109 511 2171 Alio
536 2121 642 2172 autem
669 2109 742 2171 loco
767 2110 1297 2187 201111110111111111111111.1241112111

230 2229 456 2300 argumentum
483 2217 643 2279 nonnullis
668 2217 762 2279 rebus
788 2219 880 2278 nouis
904 2218 1044 2278 inductis
1068 2237 1238 2291 recurrere,
1265 2229 1296 2280 et

229 2347 247 2388 e
261 2325 407 2388 uersibus
421 2325 483 2387 fab.
497 2327 527 2398 6,
546 2339 576 2402 5:
600 2326 638 2388 »ὁ
655 2323 794 2386 ὃάὺτὸν
811 2323 920 2401 οὕτως
937 2323 1085 2386 ἱκέ1211211
1097 2323 1291 2403 ἀσπαίρων»

228 2445 261 2496 21
299 2433 362 2494 sab.
402 2449 470 2510 124,
489 2435 522 2494 6:
553 2434 591 2492 »b
616 2431 755 2494 δἀὐτὸν
779 2429 888 2508 οὕτως
912 2432 1041 2494 tauteus
1066 2430 1108 2514 μὴ
1132 2430 1290 2494 κτείνειν»

229 2542 376 2602 conicere
392 2540 465 2602 licet
483 2542 634 2602 Babrium
648 2552 723 2602 ante
736 2539 848 2601 oculos
861 2540 1011 2601 habuisse
1024 2539 1193 2620 exemplar
1203 2543 1294 2622 argu-

229 2649 328 2710 menti
346 2648 501 2728 Aesopei,
520 2649 606 2728 quod
621 2648 663 2709 ad
681 2649 896 2710 narrationem
915 2648 1059 2721 Phaedri,
1075 2647 1129 2709 ubi
1143 2648 1294 2712 mustela:

233 2756 349 2816 »Parce
374 2775 529 2836 quaeso»,
556 2757 666 2836 inquit,
697 2755 825 2826 »mihi»‚
852 2757 987 2837 propius
1012 2775 1108 2836 quam
1134 2756 1175 2817 ad
1193 2757 1295 2837 ipsius

229 2864 374 2925 accessit.
423 2862 547 2925 Fabula
586 2862 693 2925 llalm.
737 2879 808 2941 231,
849 2885 946 2944 quam
990 2883 1168 2926 »summam
1205 2885 1294 2944 argu-

229 2971 346 3032 menti»
376 2971 469 3032 llabr.
495 2972 515 3032 6
532 2972 714 3051 exprimere
732 2971 863 3032 Crusius
880 2971 987 3048 (Babr.
1007 2983 1068 3032 aet.
1088 2993 1118 3052 p.
1138 2973 1212 3056 204)
1230 2993 1295 3034 mo-

228 3077 304 3150 111111,
353 3077 534 3138 Babrianae
580 3077 718 3157 gemella
765 3077 871 3139 fabula
911 3079 952 3139 ad
993 3078 1115 3140 sontem
1145 3080 1294 3154 eundem,

229 3186 312 3245 unde
356 3205 446 3245 5112111
492 3187 651 3265 prompsit
691 3186 835 3258 1121111115,
877 3188 1035 3266 pertinere
1075 3188 1201 3248 uidetur
1239 3189 1293 3261 ita,

228 3302 261 3351 ut
307 3283 401 3352 nobis
446 3293 477 3352 in
521 3293 711 3352 memoriam
752 3294 934 3354 necessario
974 3295 1085 3356 redeat
1125 3294 1293 3357 Theonem

227 3397 291 3480 (W.
318 3399 330 3458 l
353 3420 383 3478 p.
416 3398 485 3481 178)
510 3399 631 3459 dixisse
656 3419 697 3458 ex
721 3399 855 3478 singulis
879 3399 1017 3481 epilogis
1041 3399 1147 3482 plures
1172 3401 1295 3464 fabulas

227 3507 302 3568 oriri
326 3526 433 3585 posse.
472 3505 527 3566 Ad
552 3505 692 3566 eundem
719 3505 882 3586 epilogum
909 3528 950 3568 ex
974 3520 1175 3589 argumento,
1192 3509 1293 3572 Aeso-

227 3633 300 3691 pe0‚
337 3615 426 3693 quod
460 3614 537 3687 dixi,
564 3625 761 3693 protractum
787 3615 884 3676 etiarn
911 3614 1018 3677 Halm.
1047 3631 1119 3694 307,
1144 3637 1228 3698 quae
1252 3620 1293 3679 de

167 3794 170 3800 ,
226 3719 454 3798 uespertilione
478 3734 511 3781 et
534 3720 671 3782 mustela
695 3733 753 3794 est,
779 3722 922 3784 relictam
948 3744 1019 3784 esse
1043 3735 1190 3804 apparet.
1234 3725 1291 3786 Ar-

226 3838 414 3904 gumentum
453 3839 545 3889 uetus
579 3827 710 3909 aliquod
747 3851 787 3890 ex
825 3829 958 3891 historia
992 3831 1129 3893 naturali
1159 3831 1294 3894 sortasse

224 3944 400 4013 sumptum,
437 3937 526 4015 quod
552 3936 813 4016 uespertilionem
838 3937 942 3998 locum
969 3939 1111 4000 medium
1136 3941 1218 4002 inter
1242 3962 1294 4019 pe-

227 4041 331 4102 cudes
355 4053 387 4102 ct
412 4063 490 4102 aues
513 4043 715 4104 obtinentem
741 4044 826 4119 lacit,
849 4046 912 4106 iam
930 4067 948 4106 a
966 4047 1112 4108 Phaedro
1130 4023 1296 4126 (cl'Rom.

214 4147 279 4224 .lll,
316 4152 349 4230 4)
384 4159 555 4212 tractatum
591 4151 632 4219 ab
668 4162 799 4214 auctore
824 4151 887 4220 lab.
914 4153 1021 4221 Halm.
1049 4169 1110 4237 307
1138 4156 1294 4222 rationem
