<?xml version="1.0" encoding="UTF-8"?>
<!DOCTYPE html PUBLIC "-//W3C//DTD XHTML 1.0 Transitional//EN"
    "http://www.w3.org/TR/xhtml1/DTD/xhtml1-transitional.dtd">
<html xmlns="http://www.w3.org/1999/xhtml" xml:lang="en" lang="en">
 <head>
  <title>
</title>
<meta http-equiv="Content-Type" content="text/html;charset=utf-8" />
  <meta name='ocr-system' content='tesseract 3.04.00' />
  <meta name='ocr-capabilities' content='ocr_page ocr_carea ocr_par ocr_line ocrx_word'/>
</head>
<body>
  <div class='ocr_page' id='page_1' title='image "./stvdiadefontibv00chrigoog_0046.png"; bbox 0 0 3244 4868; ppageno 0'>
   <div class='ocr_carea' id='block_1_1' title="bbox 789 395 966 479">
    <p class='ocr_par' dir='ltr' id='par_1_1' title="bbox 789 395 966 479">
     <span class='ocr_line' id='line_1_1' title="bbox 789 395 966 479; baseline 0 -34"><span class='ocrx_word' id='word_1_1' title='bbox 789 395 966 479; x_wconf 84' lang='lat'><strong>-36-</strong></span> 
     </span>
    </p>
   </div>
   <div class='ocr_carea' id='block_1_2' title="bbox 330 611 1471 3485">
    <p class='ocr_par' dir='ltr' id='par_1_2' title="bbox 337 611 1418 1337">
     <span class='ocr_line' id='line_1_2' title="bbox 445 611 1405 694; baseline 0.004 -21"><span class='ocrx_word' id='word_1_2' title='bbox 445 611 493 673; x_wconf 89' lang='lat' dir='ltr'>Ea</span> <span class='ocrx_word' id='word_1_3' title='bbox 517 633 647 693; x_wconf 92' lang='lat' dir='ltr'>quoque</span> <span class='ocrx_word' id='word_1_4' title='bbox 671 614 703 674; x_wconf 92' lang='lat' dir='ltr'>in</span> <span class='ocrx_word' id='word_1_5' title='bbox 728 613 845 688; x_wconf 88' lang='lat' dir='ltr'>sabula,</span> <span class='ocrx_word' id='word_1_6' title='bbox 871 633 955 694; x_wconf 89' lang='lat' dir='ltr'>quae</span> <span class='ocrx_word' id='word_1_7' title='bbox 979 624 1028 674; x_wconf 89' lang='lat' dir='ltr'>est</span> <span class='ocrx_word' id='word_1_8' title='bbox 1051 615 1093 674; x_wconf 89' lang='lat' dir='ltr'>de</span> <span class='ocrx_word' id='word_1_9' title='bbox 1109 633 1207 676; x_wconf 89' lang='lat' dir='ltr'>ceruo</span> <span class='ocrx_word' id='word_1_10' title='bbox 1224 615 1265 676; x_wconf 90' lang='lat' dir='ltr'>ad</span> <span class='ocrx_word' id='word_1_11' title='bbox 1283 615 1405 678; x_wconf 90' lang='lat' dir='ltr'>sontem</span> 
     </span>
     <span class='ocr_line' id='line_1_3' title="bbox 341 718 1407 801; baseline 0.003 -20"><span class='ocrx_word' id='word_1_12' title='bbox 341 740 463 782; x_wconf 92' lang='lat' dir='ltr'>cornua</span> <span class='ocrx_word' id='word_1_13' title='bbox 509 718 671 794; x_wconf 86' lang='lat' dir='ltr'><strong>laudante,</strong></span> <span class='ocrx_word' id='word_1_14' title='bbox 719 721 914 801; x_wconf 86' lang='lat' dir='ltr'>proferenda</span> <span class='ocrx_word' id='word_1_15' title='bbox 958 720 1157 801; x_wconf 86' lang='lat' dir='ltr'>exemplaria</span> <span class='ocrx_word' id='word_1_16' title='bbox 1203 722 1340 784; x_wconf 84' lang='lat' dir='ltr'><strong>Phaedri</strong></span> <span class='ocrx_word' id='word_1_17' title='bbox 1374 733 1407 785; x_wconf 88' lang='lat' dir='ltr'>et</span> 
     </span>
     <span class='ocr_line' id='line_1_4' title="bbox 341 827 1405 910; baseline 0.003 -21"><span class='ocrx_word' id='word_1_18' title='bbox 341 827 449 890; x_wconf 88' lang='lat' dir='ltr'>Babrii</span> <span class='ocrx_word' id='word_1_19' title='bbox 483 827 567 890; x_wconf 90' lang='lat' dir='ltr'>inter</span> <span class='ocrx_word' id='word_1_20' title='bbox 600 848 636 890; x_wconf 91' lang='lat' dir='ltr'>se</span> <span class='ocrx_word' id='word_1_21' title='bbox 665 828 707 890; x_wconf 90' lang='lat' dir='ltr'>ab</span> <span class='ocrx_word' id='word_1_22' title='bbox 732 830 819 891; x_wconf 90' lang='lat' dir='ltr'>omni</span> <span class='ocrx_word' id='word_1_23' title='bbox 844 841 935 910; x_wconf 89' lang='lat' dir='ltr'>parte</span> <span class='ocrx_word' id='word_1_24' title='bbox 959 830 1166 909; x_wconf 80' lang='lat' dir='ltr'>congruerint</span> <span class='ocrx_word' id='word_1_25' title='bbox 1190 849 1323 892; x_wconf 85' lang='lat' dir='ltr'>necesse</span> <span class='ocrx_word' id='word_1_26' title='bbox 1347 842 1405 893; x_wconf 88' lang='lat' dir='ltr'>est.</span> 
     </span>
     <span class='ocr_line' id='line_1_5' title="bbox 337 934 1402 1019; baseline 0.003 -23"><span class='ocrx_word' id='word_1_27' title='bbox 337 934 446 1019; x_wconf 85' lang='lat' dir='ltr'>Aliam</span> <span class='ocrx_word' id='word_1_28' title='bbox 483 935 616 997; x_wconf 81' lang='lat' dir='ltr'>forsitan</span> <span class='ocrx_word' id='word_1_29' title='bbox 644 936 790 998; x_wconf 90' lang='lat' dir='ltr'>ciusdem</span> <span class='ocrx_word' id='word_1_30' title='bbox 816 935 943 998; x_wconf 81' lang='lat' dir='ltr'>fabulae</span> <span class='ocrx_word' id='word_1_31' title='bbox 968 938 1188 998; x_wconf 86' lang='lat' dir='ltr'>recensionem</span> <span class='ocrx_word' id='word_1_32' title='bbox 1213 936 1402 1018; x_wconf 86' lang='lat' dir='ltr'>Aesopeam</span> 
     </span>
     <span class='ocr_line' id='line_1_6' title="bbox 337 1041 1405 1124; baseline 0.003 -20"><span class='ocrx_word' id='word_1_33' title='bbox 337 1041 479 1105; x_wconf 88' lang='lat' dir='ltr'>attulerit</span> <span class='ocrx_word' id='word_1_34' title='bbox 517 1041 624 1104; x_wconf 89' lang='lat' dir='ltr'><strong>Halm.</strong></span> <span class='ocrx_word' id='word_1_35' title='bbox 664 1045 734 1118; x_wconf 86' lang='lat'>128,</span> <span class='ocrx_word' id='word_1_36' title='bbox 771 1063 969 1124; x_wconf 91' lang='lat' dir='ltr'>quamquam</span> <span class='ocrx_word' id='word_1_37' title='bbox 1000 1045 1090 1124; x_wconf 89' lang='lat' dir='ltr'>quod</span> <span class='ocrx_word' id='word_1_38' title='bbox 1114 1065 1173 1124; x_wconf 93' lang='lat' dir='ltr'>pro</span> <span class='ocrx_word' id='word_1_39' title='bbox 1197 1045 1405 1107; x_wconf 90' lang='lat' dir='ltr'>uenatoribus</span> 
     </span>
     <span class='ocr_line' id='line_1_7' title="bbox 339 1149 1418 1232; baseline 0.002 -20"><span class='ocrx_word' id='word_1_40' title='bbox 339 1149 390 1212; x_wconf 90' lang='lat' dir='ltr'>leo</span> <span class='ocrx_word' id='word_1_41' title='bbox 428 1150 597 1224; x_wconf 86' lang='lat' dir='ltr'>inducitur,</span> <span class='ocrx_word' id='word_1_42' title='bbox 635 1150 666 1212; x_wconf 93' lang='lat' dir='ltr'>id</span> <span class='ocrx_word' id='word_1_43' title='bbox 703 1151 799 1226; x_wconf 88' lang='lat' dir='ltr'>etiam</span> <span class='ocrx_word' id='word_1_44' title='bbox 824 1171 865 1212; x_wconf 88' lang='lat' dir='ltr'>ex</span> <span class='ocrx_word' id='word_1_45' title='bbox 890 1150 1059 1232; x_wconf 85' lang='lat' dir='ltr'>disciplina</span> <span class='ocrx_word' id='word_1_46' title='bbox 1084 1151 1248 1214; x_wconf 89' lang='lat' dir='ltr'>rhetorum</span> <span class='ocrx_word' id='word_1_47' title='bbox 1273 1151 1418 1214; x_wconf 87' lang='lat' dir='ltr'>fluxisse</span> 
     </span>
     <span class='ocr_line' id='line_1_8' title="bbox 337 1267 455 1337; baseline -0.008 -17"><span class='ocrx_word' id='word_1_48' title='bbox 337 1267 455 1337; x_wconf 87' lang='lat' dir='ltr'>potest.</span> 
     </span>
    </p>

    <p class='ocr_par' dir='ltr' id='par_1_3' title="bbox 332 1364 1471 2824">
     <span class='ocr_line' id='line_1_9' title="bbox 443 1364 1435 1444; baseline 0.003 -18"><span class='ocrx_word' id='word_1_49' title='bbox 443 1364 489 1426; x_wconf 89' lang='lat' dir='ltr'>Vt</span> <span class='ocrx_word' id='word_1_50' title='bbox 524 1365 556 1426; x_wconf 91' lang='lat' dir='ltr'>in</span> <span class='ocrx_word' id='word_1_51' title='bbox 584 1365 674 1427; x_wconf 93' lang='lat' dir='ltr'>initio</span> <span class='ocrx_word' id='word_1_52' title='bbox 699 1364 827 1427; x_wconf 83' lang='lat' dir='ltr'>fabulae</span> <span class='ocrx_word' id='word_1_53' title='bbox 851 1365 945 1428; x_wconf 89' lang='lat' dir='ltr'>Babr.</span> <span class='ocrx_word' id='word_1_54' title='bbox 973 1380 1014 1444; x_wconf 88' lang='lat'>79</span> <span class='ocrx_word' id='word_1_55' title='bbox 1037 1391 1082 1422; x_wconf 69' lang='grc' dir='ltr'>ε</span> <span class='ocrx_word' id='word_1_56' title='bbox 1105 1365 1240 1428; x_wconf 88' lang='lat' dir='ltr'>Phaedr.</span> <span class='ocrx_word' id='word_1_57' title='bbox 1265 1367 1288 1441; x_wconf 92' lang='lat'>1,</span> <span class='ocrx_word' id='word_1_58' title='bbox 1313 1385 1335 1444; x_wconf 76' lang='lat'>4‘</span> <span class='ocrx_word' id='word_1_59' title='bbox 1358 1368 1401 1429; x_wconf 93' lang='lat' dir='ltr'>in·</span> <span class='ocrx_word' id='word_1_60' title='bbox 1431 1377 1435 1386; x_wconf 85' lang='grc'><strong>’</strong></span> 
     </span>
     <span class='ocr_line' id='line_1_10' title="bbox 336 1471 1402 1552; baseline 0.003 -19"><span class='ocrx_word' id='word_1_61' title='bbox 336 1482 384 1534; x_wconf 91' lang='lat' dir='ltr'>ter</span> <span class='ocrx_word' id='word_1_62' title='bbox 407 1492 442 1533; x_wconf 90' lang='lat' dir='ltr'>se</span> <span class='ocrx_word' id='word_1_63' title='bbox 466 1471 616 1534; x_wconf 82' lang='lat' dir='ltr'>differunt</span> <span class='ocrx_word' id='word_1_64' title='bbox 640 1481 799 1548; x_wconf 67' lang='lat' dir='ltr'>auctores</span> <span class='ocrx_word' id='word_1_65' title='bbox 818 1474 862 1534; x_wconf 90' lang='lat' dir='ltr'>ita</span> <span class='ocrx_word' id='word_1_66' title='bbox 878 1474 912 1534; x_wconf 92' lang='lat' dir='ltr'>in</span> <span class='ocrx_word' id='word_1_67' title='bbox 926 1471 1034 1535; x_wconf 90' lang='lat' dir='ltr'>sabula</span> <span class='ocrx_word' id='word_1_68' title='bbox 1046 1472 1141 1534; x_wconf 91' lang='lat' dir='ltr'>Babr.</span> <span class='ocrx_word' id='word_1_69' title='bbox 1155 1487 1196 1552; x_wconf 91' lang='lat'>77</span> <span class='ocrx_word' id='word_1_70' title='bbox 1208 1499 1253 1532; x_wconf 86' lang='grc'>.·-.-.</span> <span class='ocrx_word' id='word_1_71' title='bbox 1266 1473 1402 1536; x_wconf 88' lang='lat' dir='ltr'>Phaedr.</span> 
     </span>
     <span class='ocr_line' id='line_1_11' title="bbox 336 1579 1403 1660; baseline 0.003 -20"><span class='ocrx_word' id='word_1_72' title='bbox 336 1579 359 1654; x_wconf 92' lang='grc' dir='ltr'>Ι,</span> <span class='ocrx_word' id='word_1_73' title='bbox 400 1596 437 1658; x_wconf 85' lang='lat'>13</span> <span class='ocrx_word' id='word_1_74' title='bbox 472 1580 656 1660; x_wconf 90' lang='lat' dir='ltr'>incipienda</span> <span class='ocrx_word' id='word_1_75' title='bbox 691 1601 756 1642; x_wconf 94' lang='lat' dir='ltr'>non</span> <span class='ocrx_word' id='word_1_76' title='bbox 793 1581 871 1642; x_wconf 90' lang='lat' dir='ltr'>satis</span> <span class='ocrx_word' id='word_1_77' title='bbox 899 1581 983 1641; x_wconf 92' lang='lat' dir='ltr'>inter</span> <span class='ocrx_word' id='word_1_78' title='bbox 1006 1599 1041 1641; x_wconf 92' lang='lat' dir='ltr'>se</span> <span class='ocrx_word' id='word_1_79' title='bbox 1065 1581 1280 1645; x_wconf 89' lang='lat' dir='ltr'>consentiunt.</span> <span class='ocrx_word' id='word_1_80' title='bbox 1328 1581 1403 1643; x_wconf 89' lang='lat' dir='ltr'>Hoc</span> 
     </span>
     <span class='ocr_line' id='line_1_12' title="bbox 335 1681 1402 1768; baseline 0.002 -20"><span class='ocrx_word' id='word_1_81' title='bbox 335 1706 466 1768; x_wconf 91' lang='lat' dir='ltr'>quoque</span> <span class='ocrx_word' id='word_1_82' title='bbox 489 1685 562 1748; x_wconf 94' lang='lat' dir='ltr'>loco</span> <span class='ocrx_word' id='word_1_83' title='bbox 587 1687 778 1749; x_wconf 87' lang='lat' dir='ltr'>crediderim</span> <span class='ocrx_word' id='word_1_84' title='bbox 804 1687 982 1748; x_wconf 91' lang='lat' dir='ltr'>Phaedrum</span> <span class='ocrx_word' id='word_1_85' title='bbox 1007 1686 1173 1750; x_wconf 88' lang='lat' dir='ltr'>meliorem</span> <span class='ocrx_word' id='word_1_86' title='bbox 1191 1681 1319 1750; x_wconf 84' lang='lat' dir='ltr'>fabulae</span> <span class='ocrx_word' id='word_1_87' title='bbox 1336 1688 1402 1750; x_wconf 85' lang='lat' dir='ltr'>son·</span> 
     </span>
     <span class='ocr_line' id='line_1_13' title="bbox 335 1794 1402 1874; baseline 0.002 -19"><span class='ocrx_word' id='word_1_88' title='bbox 335 1805 404 1856; x_wconf 56' lang='lat' dir='ltr'>tem&gt;</span> <span class='ocrx_word' id='word_1_89' title='bbox 435 1794 631 1858; x_wconf 88' lang='lat' dir='ltr'>adhibuisse.</span> <span class='ocrx_word' id='word_1_90' title='bbox 679 1795 764 1856; x_wconf 93' lang='lat' dir='ltr'>Nam</span> <span class='ocrx_word' id='word_1_91' title='bbox 799 1795 877 1856; x_wconf 91' lang='lat' dir='ltr'>satis</span> <span class='ocrx_word' id='word_1_92' title='bbox 912 1804 989 1874; x_wconf 84' lang='lat' dir='ltr'>apte</span> <span class='ocrx_word' id='word_1_93' title='bbox 1017 1795 1112 1856; x_wconf 91' lang='lat' dir='ltr'>nobis</span> <span class='ocrx_word' id='word_1_94' title='bbox 1136 1805 1246 1856; x_wconf 88' lang='lat' dir='ltr'>narrat</span> <span class='ocrx_word' id='word_1_95' title='bbox 1269 1815 1402 1857; x_wconf 92' lang='lat' dir='ltr'>coruum</span> 
     </span>
     <span class='ocr_line' id='line_1_14' title="bbox 335 1901 1400 1982; baseline 0 -17"><span class='ocrx_word' id='word_1_96' title='bbox 335 1923 432 1965; x_wconf 89' lang='lat' dir='ltr'>caseo</span> <span class='ocrx_word' id='word_1_97' title='bbox 468 1923 485 1964; x_wconf 93' lang='lat' dir='ltr'>e</span> <span class='ocrx_word' id='word_1_98' title='bbox 521 1902 662 1965; x_wconf 84' lang='lat' dir='ltr'>fenestra</span> <span class='ocrx_word' id='word_1_99' title='bbox 696 1913 789 1982; x_wconf 90' lang='lat' dir='ltr'>rapto</span> <span class='ocrx_word' id='word_1_100' title='bbox 819 1903 869 1962; x_wconf 83' lang='lat' dir='ltr'>»in</span> <span class='ocrx_word' id='word_1_101' title='bbox 893 1901 1008 1962; x_wconf 91' lang='lat' dir='ltr'>arbore</span> <span class='ocrx_word' id='word_1_102' title='bbox 1032 1901 1118 1964; x_wconf 88' lang='lat' dir='ltr'>celsa</span> <span class='ocrx_word' id='word_1_103' title='bbox 1141 1902 1333 1979; x_wconf 81' lang='lat' dir='ltr'>resedisse3»</span> <span class='ocrx_word' id='word_1_104' title='bbox 1360 1903 1400 1965; x_wconf 84' lang='lat' dir='ltr'>cl.</span> 
     </span>
     <span class='ocr_line' id='line_1_15' title="bbox 335 1997 1401 2090; baseline 0 -18"><span class='ocrx_word' id='word_1_105' title='bbox 335 2008 444 2072; x_wconf 89' lang='lat' dir='ltr'>Halm.</span> <span class='ocrx_word' id='word_1_106' title='bbox 482 2025 559 2087; x_wconf 88' lang='lat'><strong>204:</strong></span> <span class='ocrx_word' id='word_1_107' title='bbox 595 2007 718 2088; x_wconf 74' lang='grc' dir='ltr'>Κόραξ</span> <span class='ocrx_word' id='word_1_108' title='bbox 740 2007 848 2088; x_wconf 82' lang='grc' dir='ltr'>κρέας</span> <span class='ocrx_word' id='word_1_109' title='bbox 872 1997 1034 2086; x_wconf 80' lang='grc' dir='ltr'>ἁρπάαὰς</span> <span class='ocrx_word' id='word_1_110' title='bbox 1065 2007 1117 2071; x_wconf 80' lang='grc' dir='ltr'>ἐπί</span> <span class='ocrx_word' id='word_1_111' title='bbox 1139 2029 1230 2086; x_wconf 79' lang='grc' dir='ltr'>τινος</span> <span class='ocrx_word' id='word_1_112' title='bbox 1253 2007 1401 2090; x_wconf 78' lang='grc' dir='ltr'>δένδρου</span> 
     </span>
     <span class='ocr_line' id='line_1_16' title="bbox 335 2104 1401 2201; baseline 0.001 -23"><span class='ocrx_word' id='word_1_113' title='bbox 335 2117 504 2179; x_wconf 68' lang='grc' dir='ltr'><strong>ἐκάθισεν.</strong></span> <span class='ocrx_word' id='word_1_114' title='bbox 568 2117 670 2197; x_wconf 85' lang='lat' dir='ltr'>Apud</span> <span class='ocrx_word' id='word_1_115' title='bbox 701 2116 848 2201; x_wconf 72' lang='lat' dir='ltr'>Crusium</span> <span class='ocrx_word' id='word_1_116' title='bbox 882 2117 946 2195; x_wconf 90' lang='lat' dir='ltr'>(ed.</span> <span class='ocrx_word' id='word_1_117' title='bbox 977 2136 1051 2196; x_wconf 90' lang='lat' dir='ltr'>pag.</span> <span class='ocrx_word' id='word_1_118' title='bbox 1077 2114 1131 2200; x_wconf 89' lang='lat'>69)</span> <span class='ocrx_word' id='word_1_119' title='bbox 1156 2104 1284 2179; x_wconf 89' lang='lat' dir='ltr'>inuenio</span> <span class='ocrx_word' id='word_1_120' title='bbox 1309 2117 1401 2180; x_wconf 86' lang='lat' dir='ltr'>Dosi-</span> 
     </span>
     <span class='ocr_line' id='line_1_17' title="bbox 336 2222 1400 2305; baseline -0.001 -18"><span class='ocrx_word' id='word_1_121' title='bbox 336 2226 446 2287; x_wconf 93' lang='lat' dir='ltr'>theum</span> <span class='ocrx_word' id='word_1_122' title='bbox 486 2243 617 2305; x_wconf 89' lang='lat' dir='ltr'>quoque</span> <span class='ocrx_word' id='word_1_123' title='bbox 657 2222 785 2285; x_wconf 85' lang='lat' dir='ltr'>fabulae</span> <span class='ocrx_word' id='word_1_124' title='bbox 824 2223 947 2285; x_wconf 91' lang='lat' dir='ltr'>initium</span> <span class='ocrx_word' id='word_1_125' title='bbox 987 2223 1050 2284; x_wconf 92' lang='lat' dir='ltr'>hoc</span> <span class='ocrx_word' id='word_1_126' title='bbox 1088 2224 1188 2285; x_wconf 91' lang='lat' dir='ltr'>modo</span> <span class='ocrx_word' id='word_1_127' title='bbox 1219 2225 1400 2305; x_wconf 87' lang='lat' dir='ltr'>scripsisse:</span> 
     </span>
     <span class='ocr_line' id='line_1_18' title="bbox 335 2327 1400 2410; baseline 0.001 -17"><span class='ocrx_word' id='word_1_128' title='bbox 335 2333 447 2394; x_wconf 77' lang='grc' dir='ltr'><strong>ἐπάνω</strong></span> <span class='ocrx_word' id='word_1_129' title='bbox 481 2329 629 2410; x_wconf 78' lang='grc' dir='ltr'>δένδρου</span> <span class='ocrx_word' id='word_1_130' title='bbox 656 2330 901 2392; x_wconf 62' lang='grc' dir='ltr'>...ἐκάθισανΙ</span> <span class='ocrx_word' id='word_1_131' title='bbox 949 2331 1087 2392; x_wconf 91' lang='lat' dir='ltr'>Babrius</span> <span class='ocrx_word' id='word_1_132' title='bbox 1110 2327 1197 2393; x_wconf 84' lang='lat' dir='ltr'>haud</span> <span class='ocrx_word' id='word_1_133' title='bbox 1222 2332 1301 2393; x_wconf 90' lang='lat' dir='ltr'>satis</span> <span class='ocrx_word' id='word_1_134' title='bbox 1325 2352 1400 2394; x_wconf 92' lang='lat' dir='ltr'>con·</span> 
     </span>
     <span class='ocr_line' id='line_1_19' title="bbox 333 2419 1400 2502; baseline -0.001 -1"><span class='ocrx_word' id='word_1_135' title='bbox 333 2441 429 2502; x_wconf 90' lang='lat' dir='ltr'>cinne</span> <span class='ocrx_word' id='word_1_136' title='bbox 468 2439 531 2501; x_wconf 93' lang='lat' dir='ltr'>hoc</span> <span class='ocrx_word' id='word_1_137' title='bbox 566 2438 639 2501; x_wconf 93' lang='lat' dir='ltr'>loco</span> <span class='ocrx_word' id='word_1_138' title='bbox 675 2439 866 2499; x_wconf 90' lang='lat' dir='ltr'>inmedias</span> <span class='ocrx_word' id='word_1_139' title='bbox 902 2457 952 2498; x_wconf 89' lang='lat' dir='ltr'>res</span> <span class='ocrx_word' id='word_1_140' title='bbox 988 2439 1098 2500; x_wconf 91' lang='lat' dir='ltr'>incidit</span> <span class='ocrx_word' id='word_1_141' title='bbox 1133 2436 1274 2500; x_wconf 76' lang='lat' dir='ltr'>fabulam</span> <span class='ocrx_word' id='word_1_142' title='bbox 1312 2419 1400 2500; x_wconf 87' lang='lat' dir='ltr'>indu·</span> 
     </span>
     <span class='ocr_line' id='line_1_20' title="bbox 333 2543 1471 2628; baseline -0.002 -19"><span class='ocrx_word' id='word_1_143' title='bbox 333 2567 423 2610; x_wconf 89' lang='lat' dir='ltr'>cens:</span> <span class='ocrx_word' id='word_1_144' title='bbox 459 2545 582 2625; x_wconf 77' lang='grc' dir='ltr'>Κόραξ</span> <span class='ocrx_word' id='word_1_145' title='bbox 617 2543 771 2625; x_wconf 78' lang='grc' dir='ltr'>δεδηχὼς</span> <span class='ocrx_word' id='word_1_146' title='bbox 802 2543 941 2626; x_wconf 85' lang='grc' dir='ltr'>στόματι</span> <span class='ocrx_word' id='word_1_147' title='bbox 964 2543 1070 2624; x_wconf 79' lang='grc' dir='ltr'>τυρὸν</span> <span class='ocrx_word' id='word_1_148' title='bbox 1096 2544 1251 2628; x_wconf 83' lang='grc' dir='ltr'>εἱστήκει,</span> <span class='ocrx_word' id='word_1_149' title='bbox 1276 2566 1341 2627; x_wconf 91' lang='lat' dir='ltr'>qua</span> <span class='ocrx_word' id='word_1_150' title='bbox 1366 2567 1398 2608; x_wconf 92' lang='lat' dir='ltr'>re</span> <span class='ocrx_word' id='word_1_151' title='bbox 1469 2588 1471 2592; x_wconf 80' lang='lat'><em>.</em></span> 
     </span>
     <span class='ocr_line' id='line_1_21' title="bbox 333 2651 1401 2723; baseline -0.002 -6"><span class='ocrx_word' id='word_1_152' title='bbox 333 2665 518 2717; x_wconf 89' lang='lat' dir='ltr'>commotus</span> <span class='ocrx_word' id='word_1_153' title='bbox 554 2653 687 2716; x_wconf 88' lang='lat' dir='ltr'>Crusius</span> <span class='ocrx_word' id='word_1_154' title='bbox 716 2653 854 2714; x_wconf 85' lang='lat' dir='ltr'>coniecit</span> <span class='ocrx_word' id='word_1_155' title='bbox 877 2651 1005 2714; x_wconf 81' lang='lat' dir='ltr'>fabulae</span> <span class='ocrx_word' id='word_1_156' title='bbox 1028 2654 1153 2716; x_wconf 89' lang='lat' dir='ltr'>initium</span> <span class='ocrx_word' id='word_1_157' title='bbox 1178 2655 1210 2723; x_wconf 88' lang='lat' dir='ltr'>in</span> <span class='ocrx_word' id='word_1_158' title='bbox 1234 2654 1401 2716; x_wconf 89' lang='lat' dir='ltr'>codicibus</span> 
     </span>
     <span class='ocr_line' id='line_1_22' title="bbox 332 2761 635 2824; baseline -0.01 -1"><span class='ocrx_word' id='word_1_159' title='bbox 332 2761 473 2824; x_wconf 88' lang='lat' dir='ltr'>lacerum</span> <span class='ocrx_word' id='word_1_160' title='bbox 498 2770 635 2822; x_wconf 87' lang='lat' dir='ltr'>exstare.</span> 
     </span>
    </p>

    <p class='ocr_par' dir='ltr' id='par_1_4' title="bbox 330 2865 1431 3485">
     <span class='ocr_line' id='line_1_23' title="bbox 382 2865 1399 2949; baseline 0.001 -20"><span class='ocrx_word' id='word_1_161' title='bbox 382 2941 384 2946; x_wconf 92' lang='lat'>.</span> <span class='ocrx_word' id='word_1_162' title='bbox 439 2869 475 2930; x_wconf 94' lang='lat' dir='ltr'>ln</span> <span class='ocrx_word' id='word_1_163' title='bbox 516 2866 623 2928; x_wconf 89' lang='lat' dir='ltr'>sabula</span> <span class='ocrx_word' id='word_1_164' title='bbox 661 2865 823 2929; x_wconf 84' lang='lat' dir='ltr'>Babriana</span> <span class='ocrx_word' id='word_1_165' title='bbox 862 2884 902 2948; x_wconf 87' lang='lat'>27</span> <span class='ocrx_word' id='word_1_166' title='bbox 943 2867 1079 2930; x_wconf 90' lang='lat' dir='ltr'>mustela</span> <span class='ocrx_word' id='word_1_167' title='bbox 1116 2869 1194 2930; x_wconf 93' lang='lat' dir='ltr'>dicit</span> <span class='ocrx_word' id='word_1_168' title='bbox 1228 2887 1272 2942; x_wconf 88' lang='lat' dir='ltr'>se,</span> <span class='ocrx_word' id='word_1_169' title='bbox 1311 2870 1399 2949; x_wconf 93' lang='lat' dir='ltr'>quod</span> 
     </span>
     <span class='ocr_line' id='line_1_24' title="bbox 337 2971 1399 3058; baseline 0.003 -24"><span class='ocrx_word' id='word_1_170' title='bbox 337 2977 419 3058; x_wconf 82' lang='grc' dir='ltr'>»μῦς</span> <span class='ocrx_word' id='word_1_171' title='bbox 441 2994 478 3036; x_wconf 81' lang='grc' dir='ltr'>τε</span> <span class='ocrx_word' id='word_1_172' title='bbox 500 2971 557 3035; x_wconf 80' lang='grc' dir='ltr'>καὶ</span> <span class='ocrx_word' id='word_1_173' title='bbox 582 2971 735 3052; x_wconf 84' lang='grc' dir='ltr'>σαύρας»</span> <span class='ocrx_word' id='word_1_174' title='bbox 764 2985 942 3050; x_wconf 90' lang='lat' dir='ltr'>uenaretur‚</span> <span class='ocrx_word' id='word_1_175' title='bbox 968 2975 1091 3037; x_wconf 88' lang='lat' dir='ltr'>homini</span> <span class='ocrx_word' id='word_1_176' title='bbox 1112 2975 1279 3055; x_wconf 85' lang='lat' dir='ltr'>proluisse.</span> <span class='ocrx_word' id='word_1_177' title='bbox 1306 2975 1399 3056; x_wconf 82' lang='lat' dir='ltr'>Quae</span> 
     </span>
     <span class='ocr_line' id='line_1_25' title="bbox 333 3079 1408 3163; baseline -0.002 -17"><span class='ocrx_word' id='word_1_178' title='bbox 333 3083 432 3146; x_wconf 87' lang='lat' dir='ltr'>uerba</span> <span class='ocrx_word' id='word_1_179' title='bbox 459 3082 542 3163; x_wconf 80' lang='grc' dir='ltr'>»μῦς</span> <span class='ocrx_word' id='word_1_180' title='bbox 565 3080 673 3143; x_wconf 78' lang='grc' dir='ltr'>τεκαὶ</span> <span class='ocrx_word' id='word_1_181' title='bbox 690 3079 843 3160; x_wconf 81' lang='grc' dir='ltr'>σαύρας»</span> <span class='ocrx_word' id='word_1_182' title='bbox 865 3084 896 3144; x_wconf 93' lang='lat' dir='ltr'>in</span> <span class='ocrx_word' id='word_1_183' title='bbox 913 3082 1002 3157; x_wconf 90' lang='lat' dir='ltr'>fonte</span> <span class='ocrx_word' id='word_1_184' title='bbox 1018 3083 1210 3162; x_wconf 87' lang='lat' dir='ltr'>primigenio</span> <span class='ocrx_word' id='word_1_185' title='bbox 1227 3081 1311 3144; x_wconf 90' lang='lat' dir='ltr'>lecta</span> <span class='ocrx_word' id='word_1_186' title='bbox 1327 3103 1408 3145; x_wconf 81' lang='lat' dir='ltr'>esse</span> 
     </span>
     <span class='ocr_line' id='line_1_26' title="bbox 332 3187 1400 3269; baseline 0.001 -18"><span class='ocrx_word' id='word_1_187' title='bbox 332 3211 373 3251; x_wconf 89' lang='lat' dir='ltr'>ex</span> <span class='ocrx_word' id='word_1_188' title='bbox 405 3191 443 3250; x_wconf 93' lang='lat' dir='ltr'>iis</span> <span class='ocrx_word' id='word_1_189' title='bbox 475 3187 603 3268; x_wconf 88' lang='lat' dir='ltr'>collig0,</span> <span class='ocrx_word' id='word_1_190' title='bbox 636 3208 721 3269; x_wconf 88' lang='lat' dir='ltr'>quae</span> <span class='ocrx_word' id='word_1_191' title='bbox 744 3190 913 3260; x_wconf 89' lang='lat' dir='ltr'>incodice</span> <span class='ocrx_word' id='word_1_192' title='bbox 938 3190 1073 3251; x_wconf 82' lang='lat' dir='ltr'>Phaedri</span> <span class='ocrx_word' id='word_1_193' title='bbox 1098 3190 1277 3252; x_wconf 88' lang='lat' dir='ltr'>Pithoeano</span> <span class='ocrx_word' id='word_1_194' title='bbox 1301 3191 1400 3252; x_wconf 88' lang='lat' dir='ltr'>hodie</span> 
     </span>
     <span class='ocr_line' id='line_1_27' title="bbox 330 3295 1397 3378; baseline 0.002 -20"><span class='ocrx_word' id='word_1_195' title='bbox 330 3316 461 3378; x_wconf 90' lang='lat' dir='ltr'>quoque</span> <span class='ocrx_word' id='word_1_196' title='bbox 484 3307 614 3358; x_wconf 85' lang='lat' dir='ltr'>seruata</span> <span class='ocrx_word' id='word_1_197' title='bbox 637 3307 721 3358; x_wconf 90' lang='lat' dir='ltr'>sunt.</span> <span class='ocrx_word' id='word_1_198' title='bbox 763 3295 862 3377; x_wconf 85' lang='lat' dir='ltr'>Quod</span> <span class='ocrx_word' id='word_1_199' title='bbox 879 3298 1013 3358; x_wconf 90' lang='lat' dir='ltr'>enimin</span> <span class='ocrx_word' id='word_1_200' title='bbox 1030 3296 1160 3360; x_wconf 82' lang='lat' dir='ltr'>fabulae</span> <span class='ocrx_word' id='word_1_201' title='bbox 1176 3297 1397 3360; x_wconf 89' lang='lat' dir='ltr'>Phaedrianae</span> 
     </span>
     <span class='ocr_line' id='line_1_28' title="bbox 330 3402 1431 3485; baseline -0.003 -20"><span class='ocrx_word' id='word_1_202' title='bbox 330 3423 423 3465; x_wconf 91' lang='lat' dir='ltr'>uersu</span> <span class='ocrx_word' id='word_1_203' title='bbox 443 3419 459 3482; x_wconf 81' lang='lat'>3</span> <span class='ocrx_word' id='word_1_204' title='bbox 479 3402 616 3470; x_wconf 80' lang='lat' dir='ltr'>mustela</span> <span class='ocrx_word' id='word_1_205' title='bbox 633 3403 674 3465; x_wconf 93' lang='lat' dir='ltr'>de</span> <span class='ocrx_word' id='word_1_206' title='bbox 690 3405 833 3466; x_wconf 91' lang='lat' dir='ltr'>muribus</span> <span class='ocrx_word' id='word_1_207' title='bbox 849 3403 926 3466; x_wconf 89' lang='lat' dir='ltr'>solis</span> <span class='ocrx_word' id='word_1_208' title='bbox 943 3424 1048 3485; x_wconf 89' lang='lat' dir='ltr'>neque</span> <span class='ocrx_word' id='word_1_209' title='bbox 1061 3405 1138 3466; x_wconf 91' lang='lat' dir='ltr'>item</span> <span class='ocrx_word' id='word_1_210' title='bbox 1152 3406 1193 3466; x_wconf 90' lang='lat' dir='ltr'>de</span> <span class='ocrx_word' id='word_1_211' title='bbox 1209 3402 1393 3485; x_wconf 80' lang='grc' dir='ltr'>»σαύραις»</span> <span class='ocrx_word' id='word_1_212' title='bbox 1428 3453 1431 3460; x_wconf 90' lang='grc'>.</span> 
     </span>
    </p>
   </div>
   <div class='ocr_carea' id='block_1_3' title="bbox 329 3501 1504 3591">
    <p class='ocr_par' dir='ltr' id='par_1_5' title="bbox 329 3501 1504 3591">
     <span class='ocr_line' id='line_1_29' title="bbox 329 3501 1504 3591; baseline 0.003 -21"><span class='ocrx_word' id='word_1_213' title='bbox 329 3510 477 3591; x_wconf 83' lang='lat' dir='ltr'>loquitur,</span> <span class='ocrx_word' id='word_1_214' title='bbox 514 3511 546 3571; x_wconf 93' lang='lat' dir='ltr'>id</span> <span class='ocrx_word' id='word_1_215' title='bbox 583 3532 648 3573; x_wconf 91' lang='lat' dir='ltr'>non</span> <span class='ocrx_word' id='word_1_216' title='bbox 684 3513 745 3589; x_wconf 90' lang='lat' dir='ltr'>ipsi</span> <span class='ocrx_word' id='word_1_217' title='bbox 780 3512 928 3572; x_wconf 91' lang='lat' dir='ltr'>Phaedro</span> <span class='ocrx_word' id='word_1_218' title='bbox 964 3511 1169 3573; x_wconf 88' lang='lat' dir='ltr'>tribuendum</span> <span class='ocrx_word' id='word_1_219' title='bbox 1204 3521 1262 3574; x_wconf 88' lang='lat' dir='ltr'>est.</span> <span class='ocrx_word' id='word_1_220' title='bbox 1311 3513 1395 3574; x_wconf 92' lang='lat' dir='ltr'>Nam</span> <span class='ocrx_word' id='word_1_221' title='bbox 1498 3501 1504 3512; x_wconf 74' lang='lat'>&#39;</span> 
     </span>
    </p>
   </div>
   <div class='ocr_carea' id='block_1_4' title="bbox 297 3607 1394 3706">
    <p class='ocr_par' dir='ltr' id='par_1_6' title="bbox 297 3607 1394 3706">
     <span class='ocr_line' id='line_1_30' title="bbox 297 3607 1394 3706; baseline 0.003 -29"><span class='ocrx_word' id='word_1_222' title='bbox 297 3627 405 3706; x_wconf 47' lang='lat' dir='ltr'>spost</span> <span class='ocrx_word' id='word_1_223' title='bbox 440 3637 568 3680; x_wconf 90' lang='lat' dir='ltr'>uersum</span> <span class='ocrx_word' id='word_1_224' title='bbox 605 3633 623 3697; x_wconf 93' lang='lat'><strong><em>7</em></strong></span> <span class='ocrx_word' id='word_1_225' title='bbox 655 3622 761 3681; x_wconf 89' lang='lat' dir='ltr'>codex</span> <span class='ocrx_word' id='word_1_226' title='bbox 786 3619 982 3680; x_wconf 90' lang='lat' dir='ltr'>Pithoeanus</span> <span class='ocrx_word' id='word_1_227' title='bbox 997 3607 1169 3698; x_wconf 53' lang='lat' dir='ltr'>&#39;glossema</span> <span class='ocrx_word' id='word_1_228' title='bbox 1193 3619 1291 3680; x_wconf 87' lang='lat' dir='ltr'>habet</span> <span class='ocrx_word' id='word_1_229' title='bbox 1316 3619 1394 3681; x_wconf 82' lang='lat' dir='ltr'>hoc:</span> 
     </span>
    </p>
   </div>
   <div class='ocr_carea' id='block_1_5' title="bbox 333 3723 1492 3810">
    <p class='ocr_par' dir='ltr' id='par_1_7' title="bbox 333 3723 1492 3810">
     <span class='ocr_line' id='line_1_31' title="bbox 333 3723 1492 3810; baseline 0.005 -27"><span class='ocrx_word' id='word_1_230' title='bbox 333 3725 415 3786; x_wconf 79' lang='lat' dir='ltr'>»Hic</span> <span class='ocrx_word' id='word_1_231' title='bbox 444 3723 595 3806; x_wconf 83' lang='lat' dir='ltr'>intellege</span> <span class='ocrx_word' id='word_1_232' title='bbox 618 3727 755 3788; x_wconf 88' lang='lat' dir='ltr'>soricem</span> <span class='ocrx_word' id='word_1_233' title='bbox 780 3747 852 3788; x_wconf 90' lang='lat' dir='ltr'>esse</span> <span class='ocrx_word' id='word_1_234' title='bbox 876 3727 1003 3807; x_wconf 88' lang='lat' dir='ltr'>generis</span> <span class='ocrx_word' id='word_1_235' title='bbox 1027 3725 1212 3788; x_wconf 75' lang='lat' dir='ltr'>masculini»</span> <span class='ocrx_word' id='word_1_236' title='bbox 1240 3724 1290 3810; x_wconf 84' lang='lat' dir='ltr'>(cl.</span> <span class='ocrx_word' id='word_1_237' title='bbox 1317 3726 1396 3788; x_wconf 90' lang='lat' dir='ltr'>Her·</span> <span class='ocrx_word' id='word_1_238' title='bbox 1489 3757 1492 3764; x_wconf 91' lang='lat'>·</span> 
     </span>
    </p>
   </div>
   <div class='ocr_carea' id='block_1_6' title="bbox 327 3832 1396 4236">
    <p class='ocr_par' dir='ltr' id='par_1_8' title="bbox 327 3832 1396 4236">
     <span class='ocr_line' id='line_1_32' title="bbox 329 3832 1396 3916; baseline 0.002 -24"><span class='ocrx_word' id='word_1_239' title='bbox 329 3833 426 3893; x_wconf 84' lang='lat' dir='ltr'>vieux</span> <span class='ocrx_word' id='word_1_240' title='bbox 450 3853 524 3914; x_wconf 89' lang='lat' dir='ltr'>pag.</span> <span class='ocrx_word' id='word_1_241' title='bbox 556 3833 618 3916; x_wconf 84' lang='lat'>15);</span> <span class='ocrx_word' id='word_1_242' title='bbox 644 3834 693 3895; x_wconf 91' lang='lat' dir='ltr'>his</span> <span class='ocrx_word' id='word_1_243' title='bbox 717 3834 824 3896; x_wconf 85' lang='lat' dir='ltr'>uerbis</span> <span class='ocrx_word' id='word_1_244' title='bbox 848 3835 998 3914; x_wconf 89' lang='lat' dir='ltr'>equidem</span> <span class='ocrx_word' id='word_1_245' title='bbox 1025 3832 1237 3896; x_wconf 90' lang='lat' dir='ltr'>concluserim</span> <span class='ocrx_word' id='word_1_246' title='bbox 1255 3835 1286 3895; x_wconf 92' lang='lat' dir='ltr'>in</span> <span class='ocrx_word' id='word_1_247' title='bbox 1303 3843 1396 3896; x_wconf 86' lang='lat' dir='ltr'>textu</span> 
     </span>
     <span class='ocr_line' id='line_1_33' title="bbox 329 3939 1395 4023; baseline 0.002 -24"><span class='ocrx_word' id='word_1_248' title='bbox 329 3939 530 4002; x_wconf 90' lang='lat' dir='ltr'>Phaedriano</span> <span class='ocrx_word' id='word_1_249' title='bbox 554 3961 574 4001; x_wconf 89' lang='lat' dir='ltr'>a</span> <span class='ocrx_word' id='word_1_250' title='bbox 598 3941 756 4021; x_wconf 91' lang='lat' dir='ltr'>principio</span> <span class='ocrx_word' id='word_1_251' title='bbox 779 3942 875 4002; x_wconf 88' lang='lat' dir='ltr'>etiam</span> <span class='ocrx_word' id='word_1_252' title='bbox 892 3941 1014 4015; x_wconf 69' lang='lat' dir='ltr'>soricis</span> <span class='ocrx_word' id='word_1_253' title='bbox 1032 3943 1122 4022; x_wconf 91' lang='lat' dir='ltr'>quod</span> <span class='ocrx_word' id='word_1_254' title='bbox 1139 3961 1256 4004; x_wconf 87' lang='lat' dir='ltr'>nomen</span> <span class='ocrx_word' id='word_1_255' title='bbox 1276 3961 1395 4023; x_wconf 88' lang='lat' dir='ltr'>graeco</span> 
     </span>
     <span class='ocr_line' id='line_1_34' title="bbox 332 4045 1393 4128; baseline 0.006 -25"><span class='ocrx_word' id='word_1_256' title='bbox 332 4045 484 4127; x_wconf 79' lang='grc' dir='ltr'>»σαύρα&gt;&gt;</span> <span class='ocrx_word' id='word_1_257' title='bbox 524 4048 721 4128; x_wconf 88' lang='lat' dir='ltr'>respondere</span> <span class='ocrx_word' id='word_1_258' title='bbox 756 4058 901 4128; x_wconf 88' lang='lat' dir='ltr'>apparet,</span> <span class='ocrx_word' id='word_1_259' title='bbox 939 4049 1135 4110; x_wconf 89' lang='lat' dir='ltr'>mentionem</span> <span class='ocrx_word' id='word_1_260' title='bbox 1170 4047 1287 4111; x_wconf 85' lang='lat' dir='ltr'>factam</span> <span class='ocrx_word' id='word_1_261' title='bbox 1312 4067 1393 4122; x_wconf 89' lang='lat' dir='ltr'>esse,</span> 
     </span>
     <span class='ocr_line' id='line_1_35' title="bbox 327 4153 1395 4236; baseline 0 -20"><span class='ocrx_word' id='word_1_262' title='bbox 327 4165 442 4234; x_wconf 87' lang='lat' dir='ltr'>postea</span> <span class='ocrx_word' id='word_1_263' title='bbox 459 4165 565 4216; x_wconf 88' lang='lat' dir='ltr'>autem</span> <span class='ocrx_word' id='word_1_264' title='bbox 583 4153 698 4216; x_wconf 86' lang='lat' dir='ltr'>lacuna</span> <span class='ocrx_word' id='word_1_265' title='bbox 714 4167 785 4217; x_wconf 92' lang='lat' dir='ltr'>orta</span> <span class='ocrx_word' id='word_1_266' title='bbox 801 4155 936 4216; x_wconf 92' lang='lat' dir='ltr'>uerbum</span> <span class='ocrx_word' id='word_1_267' title='bbox 950 4156 1120 4217; x_wconf 85' lang='lat' dir='ltr'>excidisse.</span> <span class='ocrx_word' id='word_1_268' title='bbox 1147 4155 1244 4217; x_wconf 88' lang='lat' dir='ltr'>Vnde</span> <span class='ocrx_word' id='word_1_269' title='bbox 1258 4165 1395 4236; x_wconf 88' lang='lat' dir='ltr'>apparet</span> 
     </span>
    </p>
   </div>
   <div class='ocr_carea' id='block_1_7' title="bbox 0 0 1626 4868">
    <p class='ocr_par' dir='ltr' id='par_1_9' title="bbox 0 0 1626 4868">
     <span class='ocr_line' id='line_1_36' title="bbox 0 0 1626 4868; baseline 0 3"><span class='ocrx_word' id='word_1_270' title='bbox 0 0 1626 4868; x_wconf 95' lang='lat' dir='ltr'> </span> 
     </span>
    </p>
   </div>
  </div>
 </body>
</html>
