3244 4868
671 418 846 484 --ατ

224 615 386 700 καμπύλῳ
402 643 447 672 =
463 618 558 689 Rom.
577 617 633 692 IV,
656 619 710 680 18:
728 619 759 680 in
777 620 916 694 sarcina3
934 628 967 680 et
983 617 1078 680 Babr.
1094 619 1150 695 84:
1163 619 1293 697 ταῦρος
1379 694 1383 698 ἱ

224 753 270 782 ==
293 725 389 788 Rom.
414 723 471 799 IV,
501 726 554 787 18:
580 724 736 802 camelus;
756 735 794 790 ,et
817 725 912 788 Babr.
936 741 1005 788 121:
1024 721 1180 804 ὄρνις-τ
1195 725 1290 790 Rom.

224 833 282 908 IV,
323 846 375 912 15:
412 834 536 909 asinus3
573 841 606 894 et
637 832 732 894 Babr.
762 849 831 895 121:
858 831 1023 912 αἴλουρος
1045 859 1091 888 =
1114 833 1218 897 Rom.¹
1235 832 1292 909 IV,

229 953 283 1020 15:
319 939 430 1022 lupus;
456 941 513 1002 sed
537 939 587 1002 his
610 940 752 1002 minutiis
775 941 923 1021 exceptis
946 941 977 1002 in
1002 940 1156 1004 omnibus
1179 941 1294 1004 ceteris

225 1048 321 1110 rebus
344 1049 427 1110 inter
450 1067 486 1110 se
509 1047 696 1111 concinunt.

331 1154 489 1218 Fabulam
524 1153 621 1230 illam,
659 1176 743 1238 quae
778 1157 820 1218 de
854 1155 972 1218 ouibus
1006 1166 1039 1219 et
1065 1155 1150 1237 lupis
1174 1155 1293 1220 bellum

225 1265 307 1326 inter
329 1266 369 1326 'se-
388 1263 576 1344 gerentibus
600 1273 757 1337 narratur,
783 1283 842 1325 nec
866 1262 1018 1325 Babrium
1034 1283 1094 1328 nec
1112 1263 1293 1326 Phaedrum

224 1371 384 1451 integram
424 1391 465 1432 ex
501 1371 660 1453 Aesopeo
697 1369 876 1452 exemplari
910 1369 1111 1434 transtulisse
1145 1382 1293 1452 apparet.

225 1476 324 1559 Quod
348 1479 433 1540 enim
458 1465 752 1541 Babrius-arietem
775 1498 885 1540 senem
901 1497 982 1568 ¹oues
999 1488 1187 1541 monentem
1204 1479 1294 1542 indu·

223 1586 267 1648 cit
301 1605 407 1667 neque
442 1606 541 1648 canes
573 1587 605 1648 in
630 1584 739 1648 fabula
762 1586 831 1648 eius
855 1605 888 1648 re
912 1605 990 1648 uera
1013 1584 1098 1666 lupis
1121 1583 1293 1662 deduntur,

223 1693 256 1754 id
291 1703 325 1755 et
360 1692 477 1756 sabulis
513 1692 696 1756 Halmianis
728 1694 790 1756 268
816 1703 848 1755 et
873 1687 950 1754 268ὸ
975 1702 1007 1754 et
1030 1691 1170 1770 fabulae,
1195 1715 1294 1776 quam

223 1800 323 1862 habet
346 1799 502 1863 Nicolaus
524 1801 674 1882 sophista
698 1801 806 1882 (Rhet.
832 1801 846 1862 l
872 1801 934 1880 267
956 1798 1023 1884 W.)
1039 1800 1186 1863 eiusdem
1197 1806 1293 1883 'argu-

223 1909 332 1982 menti,
370 1918 541 1990 repugnat,
570 1929 677 1990 neque
701 1919 788 1971 recte
811 1929 846 1970 se
870 1907 979 1983 habet,
1004 1907 1093 1989 quod
1117 1909 1206 1989 apud
1230 1909 1293 1972 Ro·

223 2014 345 2078 mulum
370 2036 450 2078 oues
474 2019 534 2097 pro
559 2016 695 2079 canibus
717 2016 836 2079 deditis
852 2014 977 2080 catulos
993 2014 1144 2096 luporum
1162 2016 1294 2080 obsides

223 2124 390 2204 accepisse
425 2123 584 2187 dicuntur.
632 2124 669 2186 Id
705 2125 792 2186 enim
827 2143 848 2186 a
870 2123 1017 2186 Phaedro
1041 2124 1208 2186 inuentum
1233 2134 1292 2200 est,

224 2241 258 2294 ut
282 2213 415 2294 causam
439 2231 597 2294 haberent
620 2230 687 2313 lupi
712 2231 852 2294 foederis
876 2231 1057 2312 rumpendi,
1079 2252 1179 2314 quum
1195 2231 1292 2296 ulula-

222 2348 275 2401 tus
299 2338 479 2402 catulorum
504 2339 662 2402 audirent.
711 2337 805 2420 Quae
827 2359 927 2420 quum
944 2340 989 2402 ita
1004 2340 1077 2414 sint,
1096 2339 1294 2402 non-dubito

223 2451 364 2509 statuere
389 2446 527 2510 formam
552 2437 680 2509 fabulae
703 2447 927 2528 primigeniam
954 2445 1070 2508 fabulis
1094 2446 1202 2510 Halm.
1230 2448 1292 2510 268

223 2563 255 2640 et
291 2549 368 2616 268ὁ
405 2555 574 2628 contineri,
611 2574 696 2635 quae
730 2555 828 2615 etiam
863 2555 895 2616 in
924 2553 1075 2616 omnibus
1099 2554 1195 2616 rebus
1219 2575 1294 2616 cum

223 2661 408 2723 narratione
432 2659 559 2723 Nicolai
584 2665 777 2743 congruunt.

331 2769 478 2830 Transeo
516 2769 558 2830 ad
582 2777 809 2849 argumentum
834 2767 911 2830 illud
935 2770 1113 2850 antiquum,
1139 2772 1227 2852 quod
1252 2770 1293 2832 de
1387 2793 1394 2805 ·

221 2875 316 2938 leone
340 2896 382 2938 ex
406 2896 524 2940 somno
548 2875 783 2957 expergefacto
807 2885 839 2938 et
863 2897 953 2938 mure
969 2879 1057 2958 apud
1074 2875 1250 2940 Romulum
1267 2877 1290 2952 I,

228 2999 265 3063 17
290 2983 471 3059 exhibetur,
497 2983 586 3066 apud
610 2983 763 3046 Babrium
788 2985 821 3047 in
844 2985 972 3048 duabus
996 2984 1113 3047 fabulis
1137 2993 1292 3048 tractatur

223 3093 264 3153 82
301 3101 334 3153 et
369 3106 438 3170 107.
487 3089 596 3172 Quum
620 3092 707 3154 enim
732 3093 774 3154 de
797 3093 913 3154 eadem
938 3092 1003 3154 fere
1027 3112 1061 3154 re
1084 3102 1117 3154 et
1140 3092 1172 3154 in
1197 3092 1292 3156 Babr.

223 3199 262 3270 82
299 3209 332 3261 et
372 3214 431 3278 107
457 3210 580 3280 agatur,
605 3209 639 3261 et
661 3199 757 3262 Babr.
785 3202 825 3261 82
850 3200 893 3261 ab
917 3199 1040 3263 eisdem
1065 3199 1162 3280 plane
1185 3200 1294 3263 uerbis

223 3316 321 3389 atque
357 3307 452 3368 Rom.
490 3308 513 3381 l,
555 3321 592 3386 17
628 3317 662 3368 et
689 3305 798 3368 Halm.
825 3307 889 3385 256
912 3308 1046 3388 incipiat
1069 3309 1158 3387 (nam
1182 3306 1291 3370 Halm.

224 3427 286 3493 257
323 3423 449 3476 tantum
486 3414 700 3496 paraphrasin
727 3414 823 3475 Babr.
849 3415 890 3476 82
915 3434 987 3494 esse
1012 3435 1071 3496 pro
1095 3413 1176 3477 uirili
1200 3425 1293 3496 parte

223 3521 438 3601 crediderim),
475 3521 570 3584 Babr.
612 3537 671 3602 107
708 3531 816 3584 auteur
848 3523 881 3584 in
905 3523 982 3603 ipso,
1002 3533 1194 3604 argumento
1218 3523 1291 3585 affe-

222 3630 324 3690 rendo
360 3649 433 3690 cum
469 3629 565 3691 Rom.
602 3631 625 3703 I,
667 3645 704 3710 17
741 3641 774 3692 et
797 3628 905 3692 Halm.
933 3631 998 3710 256
1021 3640 1189 3712 congruat,
1214 3632 1294 3694 mihi

225 3756 289 3798 non
329 3735 463 3798 dubium
500 3737 627 3799 uidetur
661 3757 733 3799 esse
769 3738 846 3818 quin
883 3739 924 3800 ad
960 3739 1098 3801 eandem
1134 3739 1291 3821 originem

222 3853 254 3907 et
289 3843 385 3906 Babr.
423 3846 463 3906 82
501 3854 533 3907 et
565 3860 624 3924 107
650 3844 840 3907 referendae
863 3846 936 3908 sint.
984 3845 1076 3908 Duas
1100 3845 1227 3910 fabulas
1250 3868 1292 3910 ex

222 3971 286 4014 una
321 3951 513 4033 primigenia
549 3952 612 4015 hoc
648 3953 747 4014 modo
784 3952 886 4015 saetas
920 3973 992 4015 esse
1027 3961 1061 4016 et
1088 3955 1292 4016 econtrario

222 4060 302 4120 duas
337 4079 403 4122 una
437 4059 692 4141 comprehensas
728 4059 947 4122 fabulatorum
971 4081 1102 4142 semper
1125 4061 1292 4141 proprium

221 4167 294 4240 erit,
326 4186 431 4247 neque
462 4187 534 4230 eam
559 4167 705 4242 obrem,
731 4169 821 4249 quod
846 4168 930 4230 duae
954 4177 1085 4230 exstant
1109 4170 1292 4248 argumenti
