3260 4882
682 392 858 473 222er

233 610 411 691 labularum
448 625 583 703 Phaedri
618 639 651 690 et
685 627 792 688 Babrii
827 626 1046 688 communium
1071 605 1298 698 intelleximus

233 739 264 820 in
301 729 418 798 fabulis
453 733 583 825 alterius
616 737 718 816 partls
753 733 955 815 proferendis
989 728 1123 795 multum
1159 733 1242 795 inter
1265 743 1300 794 se

233 843 403 906 distulisse.
452 843 500 904 Re
535 863 612 904 uera
644 843 742 904 etiam
777 861 819 903 ex
855 841 893 903 iis
916 841 1070 922 uestigiis,
1095 853 1180 922 quae
1205 841 1301 902 nobis

233 951 363 1032 prodita
386 961 470 1026 sunt,
497 951 680 1030 perspicere
704 948 779 1012 licet
802 947 881 1010 allas
905 949 935 1012 in
961 947 1031 1010 'aliis
1054 941 1191 1028 syllogis
1212 947 1300 1010 fabu-

233 1057 292 1120 las·
315 1058 409 1120 huius
443 1059 571 1138 generis
605 1051 761 1119 narratas¹
774 1074 855 1118 esse.
904 1055 1013 1137 Quum
1039 1056 1127 1136 apud
1152 1061 1301 1118 auctores

218 1152 431 1246 'antiquiores
462 1183 534 1227 raro
558 1174 863 1239 commemorantur,
888 1181 908 1225 a
931 1163 1143 1244 scriptoribus
1168 1164 1314 1244 posteris
1354 1173 1366 1180 ““
1498 1173 1504 1182 ’

233 1273 342 1335 oribus
377 1271 530 1335 naturalis
553 1273 709 1353 imprimis
733 1272 886 1333 historiae
909 1271 1046 1333 diuersis
1069 1289 1168 1348 saepe
1192 1271 1300 1334 modis
1371 1287 1372 1290 ’

232 1381 435 1442 exhibentur.
484 1378 616 1453 Eorum,
652 1380 707 1459 qui
741 1380 774 1440 in
803 1379 1001 1459 argumentis
1025 1376 1180 1440 naturalis
1201 1378 1299 1440 histo·

233 1489 298 1550 riae
332 1487 510 1550 tractandis
535 1488 653 1549 uersati
675 1497 761 1561 sunt,
788 1485 985 1561 Plutarchus
1011 1495 1168 1566 utsupra
1192 1486 1300 1566 dispu-

232 1605 334 1656 tatum
368 1605 426 1670 est,
463 1595 606 1656 maxime
639 1613 713 1656 cum
738 1593 885 1656 Phaedro
908 1593 1060 1669 concinit,
1087 1577 1245 1656 Aelianus
1268 1603 1301 1655 et

233 1699 405 1784 Oppianus
429 1721 503 1764 cum
528 1701 656 1764 Babrio.
697 1700 732 1762 ln
757 1721 822 1762 uno
846 1699 917 1762 solo
941 1701 1035 1762 huius
1051 1701 1186 1781 -generis
1209 1719 1300 1782 argu-

233 1822 343 1872 mento
368 1809 516 1890 (Phaedr.
542 1809 583 1882 ll,
606 1808 628 1870 6
650 1833 696 1864 ==
719 1807 813 1870 Babr.
843 1811 918 1889 115)
942 1807 1138 1889 proferendo
1163 1807 1246 1870 inter
1262 1827 1298 1870 se

233 1919 438 1979 consensisse
473 1917 579 1979 sontes
614 1916 721 1978 Babrii
758 1927 790 1978 et
825 1916 961 1978 Phaedri
982 1915 1153 1991 uidentur,
1190 1930 1302 1996 neque,

232 2026 311 2088 satis
345 2025 413 2086 scio
438 2043 479 2086 an
505 2024 584 2104 ipsis
608 2023 980 2086 sontibustribuendum
1006 2025 1047 2085 sit
1070 2023 1159 2104 quod
1183 2022 1212 2084 in
1239 2023 1300 2086 hac

233 2133 303 2213 ipsa
342 2133 526 2196 narratione
565 2131 763 2212 perficienda
802 2130 899 2212 longe
938 2132 1020 2192 inter
1057 2149 1092 2192 se
1125 2131 1301 2192 abhorrent

233 2251 389 2302 auctores.
438 2240 474 2301 ln
498 2239 612 2300 ceteris
636 2239 786 2300 omnibus
811 2237 936 2313 sabulis,
954 2255 1090 2319 quarum
1108 2249 1299 2318 argumenta

232 2367 274 2408 ex
313 2347 447 2408 historia
482 2345 619 2412 naturali
655 2347 757 2426 petita
791 2351 875 2419 sunt,
914 2344 1116 2426 proferendis
1150 2346 1232 2407 inter
1264 2363 1301 2406 se

200 2461 201 2466 ’
233 2453 392 2516 differunt

340 2562 414 2623 Non
451 2561 583 2622 dubium
620 2571 670 2622 est
705 2561 782 2641 quin
806 2561 1021 2622 animaduerti
1046 2561 1150 2641 possit
1173 2560 1233 2622 has
1257 2557 1299 2622 fa·

232 2668 325 2734 bulas
359 2686 424 2730 non
449 2670 578 2750 proprie
602 2687 674 2730 esse
697 2666 871 2748 Aesopeas
894 2687 1001 2749 neque
1024 2669 1198 2749 scriptores
1222 2667 1299 2732 anti·

232 2778 360 2858 quioris·
385 2788 473 2838 certe
507 2777 636 2838 aetatis
657 2776 736 2838 satis
770 2777 853 2838 inter
887 2795 922 2838 se
956 2777 1163 2838 consensisse
1192 2784 1298 2836 utrum

232 2883 359 2965 Aesopi
383 2901 456 2946 esse
479 2893 669 2964 putarentur
693 2901 805 2944 necne.
852 2883 897 2945 Vt
920 2892 1029 2945 tamen
1046 2893 1142 2944 antea
1158 2883 1301 2944 uidimus

233 2992 413 3054 Phaedrum
449 2990 526 3052 talia
561 3001 752 3071 argumenta
777 2990 916 3072 Aesopo
941 2985 1139 3072 ascripsisse,
1164 2991 1209 3051 ita
1234 3009 1299 3051 non

232 3099 349 3161 desunt
373 3100 521 3180 uestigia,
546 3099 664 3179 quibus
687 3091 881 3160 concludere
905 3095 999 3160 liceat
1023 3099 1121 3160 etiam
1146 3097 1298 3164 Babrium

232 3207 337 3268 eidem
374 3225 412 3268 ea
447 3205 607 3268 tribuisse.
656 3206 702 3268 Vt
736 3208 822 3267 enim
859 3206 900 3267 ad
926 3204 1066 3268 fabulam
1092 3204 1177 3267 illam
1203 3204 1298 3267 Babr.

238 3327 294 3393 115
333 3315 513 3388 redeamus,
539 3333 604 3375 non
629 3314 661 3375 id
686 3313 800 3386 solum,
826 3314 912 3395 quod
938 3324 971 3375 et
999 3313 1134 3375 Babrius
1150 3323 1183 3374 et
1200 3313 1298 3374 Phae·

232 3420 309 3484 drus
342 3421 425 3482 hanc
461 3423 564 3502 ipsam
590 3417 740 3492 fabulam
751 3435 775 3482 'e
800 3420 934 3482 naturali
957 3421 1089 3482 historia
1106 3411 1241 3501 petitam
1258 3439 1303 3481 exv

234 3528 322 3608 fonte
352 3543 471 3602 graeco
495 3528 735 3603 transtulerunt,
761 3523 839 3590 satis
864 3528 1001 3590 firmum·
1016 3523 1111 3592 nobis
1134 3537 1184 3589 est
1203 3519 1311 3608 argu·¹

233 3645 386 3710 mentum,
427 3646 462 3697 ut
500 3637 753 3716 comprobemus
791 3656 862 3698 eam
902 3655 945 3698 ex
980 3634 1108 3716 sylloga
1143 3629 1300 3716 Aesopea

232 3743 388 3807 haustam*
416 3761 496 3806 esse.
546 3742 644 3824 Quod
680 3753 786 3805 autem
823 3751 921 3824 po'eta
952 3742 1124 3824 fragmenti
1148 3741 1300 3822 dactylici

237 3867 269 3912 rr
310 3851 395 3912 idem
432 3853 582 3912 tractauit
618 3862 854 3931 argumentum,
891 3852 966 3912 inde
989 3851 1076 3912 haud
1100 3851 1200 3912 dubie
1224 3868 1298 3911 con·

232 3958 369 4020 cluditur
404 3954 546 4019 fabulam
575 3972 632 4037 ¹¹5
659 3960 691 4020 in
716 3960 822 4039 priore
846 3959 952 4026 Babrii
977 3953 1185 4032 llbro,-cuius
1209 3975 1299 4037 argu·

233 4076 343 4127 menta
377 4061 419 4126 eir
455 4061 581 4146 Aesopi
618 4065 699 4127 libro
734 4067 881 4145 sumpsit,
907 4065 1012 4127 locum
1037 4059 1198 4126 habuisse.
1248 4063 1299 4126 Ex

233 4174 270 4234 iis
305 4173 400 4245 enim,
437 4191 521 4252 quae
557 4174 588 4234 in
625 4175 731 4254 priore
766 4175 872 4253 capite
903 4174 1067 4253 disputata
1091 4181 1175 4245 sunt,
1201 4172 1302 4232 credo

1247 4313 1263 4366 6
