3260 4882
775 451 817 460 ..
847 420 906 494 ¹44
931 453 973 462 -..

341 639 383 710 79
405 653 450 688 z
473 605 606 692 Phaedr.
632 630 656 702 I,
681 647 701 707 4
727 632 768 692 ad
794 631 1010 695 narrationem
1036 603 1262 710 primigeniam
1285 642 1408 694 mutan·

341 737 416 800 dam
442 735 591 800 ualuisse.
1048 727 1052 733 ’

447 843 603 906 Fabulam
641 843 735 908 Babr.
770 861 809 923 91
849 846 890 906 ad
927 843 1105 926 exemplar¹
1131 847 1312 925 argumenti
1338 847 1408 908 eius

341 951 522 1014 consectam
558 971 630 1014 esse
653 945 861 1014 statuendum
886 963 944 1026 est,
970 953 1058 1032 quod
1083 953 1180 1014 etiam
1205 952 1341 1014 Phaedri
1365 952 1380 1014 s
1399 991 1407 998 -
1439 1029 1441 1034 ι

339 1057 435 1122 bulae
459 1059 513 1134 ΙΙΙ,
538 1059 569 1133 6,
594 1079 678 1139 quae
702 1070 751 1122 est
775 1059 817 1122 de
834 1079 944 1122 musca
961 1069 993 1122 et
1006 1059 1101 1134 nrula,
1116 1060 1236 1124 subest.
1269 1059 1403 1122 Muscae

339 1167 424 1228 enim
468 1177 576 1246 partes
618 1166 706 1246 apud
749 1166 899 1230 Babrium
944 1168 1023 1246 agit·
1046 1167 1162 1241 hircus,
1200 1165 1306 1228 mulae
1341 1170 1406 1230 tau-

341 1293 402 1348 rus,
452 1273 602 1338 mulionis
649 1271 708 1336 led.
768 1273 1057 1354 Quemadmodum
1096 1275 1184 1354 apud
1226 1274 1406 1336 Phaedrum

339 1400 451 1444 musca
487 1379 593 1444 mulae
617 1383 765 1455 minatur,
790 1383 835 1444 ita
858 1383 946 1462 apud
971 1381 1125 1446 Babrium
1150 1382 1258 1446 hircus
1282 1383 1313 1444 in
1338 1393 1406 1459 tau-

340 1509 409 1550 rum
434 1490 578 1564 incurrit;
604 1498 639 1552 ut
663 1486 748 1550 mula
772 1489 877 1552 minas
901 1509 1034 1552 muscae
1056 1490 1245 1564 contemnit,
1271 1492 1316 1553 ita
1336 1501 1403 1552 tau-

339 1617 392 1658 rus
426 1596 505 1658 hirci
540 1597 706 1677 impetum,
753 1595 861 1676 Quam
899 1595 1027 1660 fabulae
1051 1597 1217 1660 historiam
1242 1597 1269 1658 si
1294 1617 1404 1659 ueram

338 1723 410 1766 esse
434 1703 574 1766 confessi
598 1704 725 1777 erimus,
750 1705 848 1766 etiam
873 1705 915 1766 ad
940 1702 1111 1768 lectionem
1136 1724 1248 1766 uersus
1276 1717 1291 1782 5
1318 1704 1406 1766 sabu-

338 1810 388 1873 lae
413 1810 548 1874 Phaedri
572 1811 835 1874 constituendam
859 1809 958 1872 uerba
983 1811 1089 1875 Babtii
1114 1811 1220 1874 ualere
1243 1822 1404 1892 poterunt.

339 1917 437 2000 Quod
473 1920 557 1980 enim
582 1917 684 1980 habet'
704 1917 840 1980 Babrius
869 1938 951 1982 uers.
981 1933 1007 1997 5:
1036 1918 1098 1980 »οὐ
1122 1917 1172 1993 σε’,
1198 1917 1258 1980 τὸν
1280 1917 1406 1982 λέοντα

339 2024 532 2090 &anathor
554 2026 657 2101 attha,
676 2027 717 2088 ad
734 2023 871 2088 eandem
890 2025 1021 2102 phrasin
1038 2025 1234 2106 exemplaris
1251 2045 1290 2088 ea
1306 2026 1406 2088 uerba

339 2135 498 2214 pertinere
531 2143 666 2214 apparet
701 2143 800 2214 atque
836 2132 985 2196 Phaedri:
1015 2133 1154 2195 »Verbis
1178 2154 1242 2196 non
1268 2153 1403 2198 moueor

338 2242 414 2319 tuis;
450 2242 508 2304 sed
533 2241 629 2303 istum
654 2241 753 2302 timeo
777 2242 832 2320 qui
858 2290 864 2302 .
891 2290 897 2302 .
925 2290 931 2303 .
958 2267 984 2302 .»
1036 2240 1185 2303 Havetus
1209 2262 1309 2322 quum
1334 2261 1406 2303 auc-

338 2359 409 2412 tore
443 2346 625 2413 Delaruelle
653 2373 665 2404 »
694 2348 902 2427 magistrum»
931 2369 991 2428 pto
1019 2349 1095 2410 »sed
1121 2349 1236 2411 istum»
1264 2347 1403 2412 lectione

337 2458 487 2518 codicum
512 2475 551 2518 ea
574 2475 608 2518 re
631 2465 815 2518 commotus
838 2456 974 2536 scripsit,
1000 2456 1088 2536 quod
1115 2449 1290 2520 Phaedrus
1304 2456 1401 2517 »ister

337 2565 529 2644 pronomine
568 2583 632 2626 non
672 2563 732 2625 nisi
770 2563 814 2624 de
852 2563 995 2626 secunda
1031 2583 1171 2643 persona
1207 2573 1348 2626 uteretur
1372 2573 1404 2625 et

341 2673 435 2734 ised»
475 2672 659 2754 coniunctio
685 2671 758 2734 hoc
794 2670 867 2734 loco
904 2672 1010 2734 minus
1045 2669 1196 2751 placeret,
1222 2672 1402 2746 non-uidit,

340 2777 417 2842 soe»
459 2777 649 2861 particulam
684 2781 871 2842 sententiae
890 2798 1027 2858 graecae
1051 2778 1094 2842 ab
1117 2789 1251 2842 auctore
1274 2798 1404 2858 expres-

336 2907 406 2950 sam
431 2896 530 2950 esse.'
560 2885 594 2949 Si
622 2887 757 2950 sistunt»
785 2886 946 2965 corrigere
970 2905 1103 2948 necesse
1127 2895 1176 2948 est
1200 2884 1299 2969 (quod
1317 2886 1403 2948 credi

337 3005 447 3057 tamen
470 2995 524 3056 uix
550 2993 679 3078 potest),
705 2992 820 3056 melius
844 2993 972 3055 uidetur
994 3005 1066 3056 esse
1087 2993 1162 3054 »sed
1179 2991 1285 3055 illum»
1306 3012 1403 3073 quam

341 3103 568 3183 »magistrumr
596 3103 835 3164 commendare.
884 3099 1020 3164 Babrius
1044 3111 1198 3162 auctorue
1220 3100 1289 3162 eius
1305 3119 1403 3180 quum

337 3211 379 3272 ad
415 3208 555 3272 fabulam
592 3219 682 3272 suam
715 3207 985 3272 conscribendam
1009 3207 1250 3287 aggrederetur,
1275 3227 1319 3268 ex
1341 3205 1404 3268 hoc

336 3318 410 3397 ipso
448 3315 644 3397 exemplaris
683 3315 755 3378 loco
793 3335 906 3376 ansam
941 3315 982 3376 ad
1019 3333 1140 3377 nouum
1175 3324 1405 3394 argumentum

335 3423 523 3504 fingendum
559 3425 736 3504 sumpsisse
771 3422 905 3484 uidetur.
954 3421 1060 3484 Etiam
1092 3419 1173 3484 alios
1197 3420 1342 3486 rhetores
1366 3422 1404 3482 si·

336 3529 427 3592 miles
451 3531 651 3593 narrationes
676 3513 816 3592 finxisse
831 3530 974 3592 ostendit
999 3527 1107 3590 Halm.
1135 3545 1208 3606 230,
1235 3529 1288 3590 ubi
1313 3528 1404 3590 canis

337 3657 477 3712 muscae,
502 3636 579 3719 lupa
603 3635 709 3700 mulae
733 3647 842 3717 partes
865 3637 942 3716 agit.

443 3744 693 3824 Argumentum,
730 3743 819 3824 quod
852 3753 902 3806 est
926 3743 1022 3805 Babr.
1052 3760 1122 3815 101,
1148 3744 1190 3804 ad
1215 3741 1402 3822 exemplum

337 3850 466 3914 fabulae
500 3852 676 3931 Aesopeae
708 3852 777 3914 eius
807 3851 1026 3930 compositum
1051 3869 1132 3923 esse,
1158 3869 1242 3930 quae
1266 3849 1402 3913 Phaedri

336 3958 359 4031 I,
397 3974 484 4037 3:
509 3958 601 4020 Babr.
640 3974 680 4037 72
717 3959 837 4031 subest,
875 3959 939 4021 iam
976 3958 1080 4036 primo
1115 3956 1231 4019 obtutu
1255 3965 1401 4036 apparet.

337 4065 451 4147 Lupus
474 4091 518 4122 z
534 4065 696 4146 graculus;
722 4064 832 4128 leones
853 4091 897 4122 z:
920 4084 1066 4145 patrones
1082 4063 1133 4146 (cs.
1151 4064 1248 4128 etiam
1267 4063 1401 4124 Phaedr.

336 4173 358 4246 1,
386 4190 414 4252 3,
439 4175 540 4252 6—7:
570 4173 664 4234 »exiit
689 4182 902 4234 contemnens
919 4192 995 4232 suos
1012 4172 1172 4232 immiscet
1187 4191 1222 4232 se
1239 4189 1402 4250 pauonum
