<?xml version="1.0" encoding="UTF-8"?>
<!DOCTYPE html PUBLIC "-//W3C//DTD XHTML 1.0 Transitional//EN"
    "http://www.w3.org/TR/xhtml1/DTD/xhtml1-transitional.dtd">
<html xmlns="http://www.w3.org/1999/xhtml" xml:lang="en" lang="en">
 <head>
  <title>
</title>
<meta http-equiv="Content-Type" content="text/html;charset=utf-8" />
  <meta name='ocr-system' content='tesseract 3.04.00' />
  <meta name='ocr-capabilities' content='ocr_page ocr_carea ocr_par ocr_line ocrx_word'/>
</head>
<body>
  <div class='ocr_page' id='page_1' title='image "./stvdiadefontibv00chrigoog_0125.png"; bbox 0 0 3260 4882; ppageno 0'>
   <div class='ocr_carea' id='block_1_1' title="bbox 671 399 869 467">
    <p class='ocr_par' dir='ltr' id='par_1_1' title="bbox 671 399 869 467">
     <span class='ocr_line' id='line_1_1' title="bbox 671 399 869 467; baseline 0 -33"><span class='ocrx_word' id='word_1_1' title='bbox 671 399 869 467; x_wconf 60' lang='grc'>..115-</span> 
     </span>
    </p>
   </div>
   <div class='ocr_carea' id='block_1_2' title="bbox 159 598 1377 1333">
    <p class='ocr_par' dir='ltr' id='par_1_2' title="bbox 159 598 1377 1333">
     <span class='ocr_line' id='line_1_2' title="bbox 237 598 1304 684; baseline -0.002 -18"><span class='ocrx_word' id='word_1_2' title='bbox 237 601 305 666; x_wconf 89' lang='lat' dir='ltr'>Sed</span> <span class='ocrx_word' id='word_1_3' title='bbox 340 604 437 665; x_wconf 90' lang='lat' dir='ltr'>etiam</span> <span class='ocrx_word' id='word_1_4' title='bbox 474 623 515 664; x_wconf 85' lang='lat' dir='ltr'>ex</span> <span class='ocrx_word' id='word_1_5' title='bbox 544 601 614 664; x_wconf 90' lang='lat' dir='ltr'>aliis</span> <span class='ocrx_word' id='word_1_6' title='bbox 638 603 735 665; x_wconf 88' lang='lat' dir='ltr'>rebus</span> <span class='ocrx_word' id='word_1_7' title='bbox 758 603 845 664; x_wconf 89' lang='lat' dir='ltr'>haud</span> <span class='ocrx_word' id='word_1_8' title='bbox 870 603 993 684; x_wconf 78' lang='lat' dir='ltr'>pauciS,</span> <span class='ocrx_word' id='word_1_9' title='bbox 1018 621 1102 683; x_wconf 88' lang='lat' dir='ltr'>quae</span> <span class='ocrx_word' id='word_1_10' title='bbox 1126 603 1168 664; x_wconf 90' lang='lat' dir='ltr'>ad</span> <span class='ocrx_word' id='word_1_11' title='bbox 1193 598 1304 665; x_wconf 90' lang='lat' dir='ltr'>dictio·</span> 
     </span>
     <span class='ocr_line' id='line_1_3' title="bbox 166 705 1377 798; baseline -0.002 -25"><span class='ocrx_word' id='word_1_12' title='bbox 166 793 168 798; x_wconf 23' lang='grc' dir='ltr'>Ι</span> <span class='ocrx_word' id='word_1_13' title='bbox 237 731 311 773; x_wconf 90' lang='lat' dir='ltr'>nem</span> <span class='ocrx_word' id='word_1_14' title='bbox 336 705 507 792; x_wconf 86' lang='lat' dir='ltr'>pertinent,</span> <span class='ocrx_word' id='word_1_15' title='bbox 533 709 667 791; x_wconf 89' lang='lat' dir='ltr'>intelligi</span> <span class='ocrx_word' id='word_1_16' title='bbox 691 719 799 790; x_wconf 90' lang='lat' dir='ltr'>potest</span> <span class='ocrx_word' id='word_1_17' title='bbox 823 709 976 772; x_wconf 91' lang='lat' dir='ltr'>Babrium</span> <span class='ocrx_word' id='word_1_18' title='bbox 1001 711 1158 772; x_wconf 90' lang='lat' dir='ltr'>rationem</span> <span class='ocrx_word' id='word_1_19' title='bbox 1182 719 1303 771; x_wconf 88' lang='lat' dir='ltr'>certam</span> <span class='ocrx_word' id='word_1_20' title='bbox 1374 705 1377 710; x_wconf 71' lang='grc'><strong>’</strong></span> 
     </span>
     <span class='ocr_line' id='line_1_4' title="bbox 159 799 1303 900; baseline -0.003 -19"><span class='ocrx_word' id='word_1_21' title='bbox 159 799 161 804; x_wconf 42' lang='grc'><strong>’</strong></span> <span class='ocrx_word' id='word_1_22' title='bbox 236 818 447 900; x_wconf 85' lang='lat' dir='ltr'>sophisticam</span> <span class='ocrx_word' id='word_1_23' title='bbox 463 827 611 880; x_wconf 89' lang='lat' dir='ltr'>secutum</span> <span class='ocrx_word' id='word_1_24' title='bbox 627 819 844 880; x_wconf 79' lang='lat' dir='ltr'>narrationem</span> <span class='ocrx_word' id='word_1_25' title='bbox 861 817 1057 880; x_wconf 87' lang='lat' dir='ltr'>extendisse.</span> <span class='ocrx_word' id='word_1_26' title='bbox 1095 817 1190 879; x_wconf 91' lang='lat' dir='ltr'>Theo</span> <span class='ocrx_word' id='word_1_27' title='bbox 1206 815 1270 900; x_wconf 90' lang='lat' dir='ltr'>(W.</span> <span class='ocrx_word' id='word_1_28' title='bbox 1288 817 1303 878; x_wconf 95' lang='lat' dir='ltr'>l</span> 
     </span>
     <span class='ocr_line' id='line_1_5' title="bbox 237 923 1304 1009; baseline -0.002 -21"><span class='ocrx_word' id='word_1_29' title='bbox 237 947 268 1008; x_wconf 91' lang='lat' dir='ltr'>p.</span> <span class='ocrx_word' id='word_1_30' title='bbox 299 928 356 1005; x_wconf 87' lang='lat'>183</span> <span class='ocrx_word' id='word_1_31' title='bbox 382 924 402 989; x_wconf 93' lang='lat' dir='ltr'>l.</span> <span class='ocrx_word' id='word_1_32' title='bbox 432 924 480 1009; x_wconf 77' lang='lat'>12)</span> <span class='ocrx_word' id='word_1_33' title='bbox 505 927 603 988; x_wconf 88' lang='lat' dir='ltr'>docet</span> <span class='ocrx_word' id='word_1_34' title='bbox 626 926 900 1006; x_wconf 87' lang='lat' dir='ltr'>perspicuitatem,</span> <span class='ocrx_word' id='word_1_35' title='bbox 926 924 1128 1000; x_wconf 88' lang='lat' dir='ltr'>breuitatem,</span> <span class='ocrx_word' id='word_1_36' title='bbox 1154 923 1304 1006; x_wconf 90' lang='lat' dir='ltr'>probabi·</span> 
     </span>
     <span class='ocr_line' id='line_1_6' title="bbox 236 1030 1304 1096; baseline -0.002 0"><span class='ocrx_word' id='word_1_37' title='bbox 236 1033 359 1096; x_wconf 89' lang='lat' dir='ltr'>litatem</span> <span class='ocrx_word' id='word_1_38' title='bbox 395 1034 530 1096; x_wconf 89' lang='lat' dir='ltr'>uirtutes</span> <span class='ocrx_word' id='word_1_39' title='bbox 565 1033 706 1096; x_wconf 89' lang='lat' dir='ltr'>auctoris</span> <span class='ocrx_word' id='word_1_40' title='bbox 740 1053 821 1095; x_wconf 89' lang='lat' dir='ltr'>esse.</span> <span class='ocrx_word' id='word_1_41' title='bbox 869 1031 998 1094; x_wconf 87' lang='lat' dir='ltr'>Deinde</span> <span class='ocrx_word' id='word_1_42' title='bbox 1033 1030 1188 1094; x_wconf 89' lang='lat' dir='ltr'>nonnulla</span> <span class='ocrx_word' id='word_1_43' title='bbox 1211 1031 1304 1094; x_wconf 88' lang='lat' dir='ltr'>affert</span> 
     </span>
     <span class='ocr_line' id='line_1_7' title="bbox 236 1140 1303 1223; baseline -0.002 -20"><span class='ocrx_word' id='word_1_44' title='bbox 236 1150 421 1223; x_wconf 87' lang='lat' dir='ltr'>praecepta,</span> <span class='ocrx_word' id='word_1_45' title='bbox 446 1143 615 1222; x_wconf 92' lang='lat' dir='ltr'>quomodo</span> <span class='ocrx_word' id='word_1_46' title='bbox 639 1142 805 1222; x_wconf 89' lang='lat' dir='ltr'>parandae</span> <span class='ocrx_word' id='word_1_47' title='bbox 828 1141 892 1202; x_wconf 90' lang='lat' dir='ltr'>sint</span> <span class='ocrx_word' id='word_1_48' title='bbox 915 1140 1059 1202; x_wconf 90' lang='lat' dir='ltr'>breuitas</span> <span class='ocrx_word' id='word_1_49' title='bbox 1082 1150 1114 1202; x_wconf 91' lang='lat' dir='ltr'>et</span> <span class='ocrx_word' id='word_1_50' title='bbox 1130 1140 1303 1220; x_wconf 88' lang='lat' dir='ltr'>perspicui·</span> 
     </span>
     <span class='ocr_line' id='line_1_8' title="bbox 237 1246 1304 1333; baseline -0.001 -22"><span class='ocrx_word' id='word_1_51' title='bbox 237 1259 296 1311; x_wconf 88' lang='lat' dir='ltr'>tas.</span> <span class='ocrx_word' id='word_1_52' title='bbox 344 1249 431 1310; x_wconf 91' lang='lat' dir='ltr'>Inter</span> <span class='ocrx_word' id='word_1_53' title='bbox 465 1247 529 1310; x_wconf 91' lang='lat' dir='ltr'>alia</span> <span class='ocrx_word' id='word_1_54' title='bbox 557 1249 656 1310; x_wconf 90' lang='lat' dir='ltr'>etiam</span> <span class='ocrx_word' id='word_1_55' title='bbox 681 1247 745 1333; x_wconf 92' lang='lat' dir='ltr'>(W.</span> <span class='ocrx_word' id='word_1_56' title='bbox 771 1248 785 1309; x_wconf 92' lang='lat' dir='ltr'>I</span> <span class='ocrx_word' id='word_1_57' title='bbox 809 1267 840 1329; x_wconf 89' lang='lat' dir='ltr'>p.</span> <span class='ocrx_word' id='word_1_58' title='bbox 871 1249 929 1327; x_wconf 81' lang='lat'>185</span> <span class='ocrx_word' id='word_1_59' title='bbox 956 1246 975 1309; x_wconf 94' lang='lat' dir='ltr'>l.</span> <span class='ocrx_word' id='word_1_60' title='bbox 1003 1250 1057 1327; x_wconf 87' lang='lat'>22)</span> <span class='ocrx_word' id='word_1_61' title='bbox 1082 1247 1240 1329; x_wconf 83' lang='lat' dir='ltr'>praecipit</span> <span class='ocrx_word' id='word_1_62' title='bbox 1264 1267 1304 1310; x_wconf 88' lang='lat' dir='ltr'>ne</span> 
     </span>
    </p>
   </div>
   <div class='ocr_carea' id='block_1_3' title="bbox 143 1354 1304 1437">
    <p class='ocr_par' dir='ltr' id='par_1_3' title="bbox 143 1354 1304 1437">
     <span class='ocr_line' id='line_1_9' title="bbox 143 1354 1304 1437; baseline -0.001 -19"><span class='ocrx_word' id='word_1_63' title='bbox 143 1416 148 1425; x_wconf 83' lang='grc'><strong><em>,</em></strong></span> <span class='ocrx_word' id='word_1_64' title='bbox 236 1356 337 1418; x_wconf 89' lang='lat' dir='ltr'>uerba</span> <span class='ocrx_word' id='word_1_65' title='bbox 360 1358 499 1437; x_wconf 70' lang='lat' dir='ltr'>poetica,</span> <span class='ocrx_word' id='word_1_66' title='bbox 524 1357 658 1431; x_wconf 90' lang='lat' dir='ltr'>nouitia,</span> <span class='ocrx_word' id='word_1_67' title='bbox 677 1357 793 1437; x_wconf 92' lang='lat' dir='ltr'>prisca,</span> <span class='ocrx_word' id='word_1_68' title='bbox 811 1365 947 1418; x_wconf 86' lang='lat' dir='ltr'>externa</span> <span class='ocrx_word' id='word_1_69' title='bbox 963 1354 1187 1430; x_wconf 89' lang='lat' dir='ltr'>adhibeantur,</span> <span class='ocrx_word' id='word_1_70' title='bbox 1205 1375 1304 1436; x_wconf 90' lang='lat' dir='ltr'>quum</span> 
     </span>
    </p>
   </div>
   <div class='ocr_carea' id='block_1_4' title="bbox 235 1457 1305 2408">
    <p class='ocr_par' dir='ltr' id='par_1_4' title="bbox 235 1457 1305 2408">
     <span class='ocr_line' id='line_1_10' title="bbox 236 1457 1304 1545; baseline 0 -20"><span class='ocrx_word' id='word_1_71' title='bbox 236 1457 415 1526; x_wconf 85' lang='lat' dir='ltr'>orationem</span> <span class='ocrx_word' id='word_1_72' title='bbox 452 1464 623 1527; x_wconf 90' lang='lat' dir='ltr'>obscuram</span> <span class='ocrx_word' id='word_1_73' title='bbox 660 1475 694 1526; x_wconf 88' lang='lat' dir='ltr'>et</span> <span class='ocrx_word' id='word_1_74' title='bbox 724 1462 856 1545; x_wconf 88' lang='lat' dir='ltr'>longam</span> <span class='ocrx_word' id='word_1_75' title='bbox 880 1462 1031 1526; x_wconf 85' lang='lat' dir='ltr'>efficiant.</span> <span class='ocrx_word' id='word_1_76' title='bbox 1080 1463 1207 1526; x_wconf 88' lang='lat' dir='ltr'>Eodem</span> <span class='ocrx_word' id='word_1_77' title='bbox 1230 1461 1304 1525; x_wconf 92' lang='lat' dir='ltr'>loco</span> 
     </span>
     <span class='ocr_line' id='line_1_11' title="bbox 236 1569 1303 1656; baseline 0 -24"><span class='ocrx_word' id='word_1_78' title='bbox 236 1569 266 1655; x_wconf 85' lang='lat' dir='ltr'>(l.</span> <span class='ocrx_word' id='word_1_79' title='bbox 305 1569 357 1656; x_wconf 90' lang='lat'>20)</span> <span class='ocrx_word' id='word_1_80' title='bbox 392 1572 621 1634; x_wconf 88' lang='lat' dir='ltr'>animaduertit</span> <span class='ocrx_word' id='word_1_81' title='bbox 652 1571 825 1634; x_wconf 89' lang='lat' dir='ltr'>obscuram</span> <span class='ocrx_word' id='word_1_82' title='bbox 861 1571 928 1633; x_wconf 90' lang='lat' dir='ltr'>fieri</span> <span class='ocrx_word' id='word_1_83' title='bbox 964 1572 1156 1646; x_wconf 89' lang='lat' dir='ltr'>orationem,</span> <span class='ocrx_word' id='word_1_84' title='bbox 1181 1572 1208 1633; x_wconf 89' lang='lat' dir='ltr'>si</span> <span class='ocrx_word' id='word_1_85' title='bbox 1232 1569 1303 1633; x_wconf 90' lang='lat' dir='ltr'>alle-</span> 
     </span>
     <span class='ocr_line' id='line_1_12' title="bbox 236 1677 1303 1760; baseline -0.001 -20"><span class='ocrx_word' id='word_1_86' title='bbox 236 1680 328 1760; x_wconf 88' lang='lat' dir='ltr'>goria</span> <span class='ocrx_word' id='word_1_87' title='bbox 362 1678 561 1742; x_wconf 91' lang='lat' dir='ltr'>occultarum</span> <span class='ocrx_word' id='word_1_88' title='bbox 589 1679 794 1742; x_wconf 89' lang='lat' dir='ltr'>historiarum</span> <span class='ocrx_word' id='word_1_89' title='bbox 819 1679 999 1741; x_wconf 87' lang='lat' dir='ltr'>inducatur.</span> <span class='ocrx_word' id='word_1_90' title='bbox 1048 1677 1116 1742; x_wconf 90' lang='lat' dir='ltr'>Sed</span> <span class='ocrx_word' id='word_1_91' title='bbox 1139 1678 1172 1741; x_wconf 91' lang='lat' dir='ltr'>id</span> <span class='ocrx_word' id='word_1_92' title='bbox 1196 1679 1303 1759; x_wconf 91' lang='lat' dir='ltr'>ipsum</span> 
     </span>
     <span class='ocr_line' id='line_1_13' title="bbox 236 1785 1303 1868; baseline 0.001 -20"><span class='ocrx_word' id='word_1_93' title='bbox 236 1785 389 1849; x_wconf 89' lang='lat' dir='ltr'>Babrium</span> <span class='ocrx_word' id='word_1_94' title='bbox 424 1786 486 1849; x_wconf 92' lang='lat' dir='ltr'>hac</span> <span class='ocrx_word' id='word_1_95' title='bbox 521 1785 631 1849; x_wconf 86' lang='lat' dir='ltr'>fabula</span> <span class='ocrx_word' id='word_1_96' title='bbox 661 1786 775 1849; x_wconf 85' lang='lat' dir='ltr'>fecisse</span> <span class='ocrx_word' id='word_1_97' title='bbox 798 1785 940 1859; x_wconf 90' lang='lat' dir='ltr'>Keller0,</span> <span class='ocrx_word' id='word_1_98' title='bbox 965 1786 1116 1868; x_wconf 88' lang='lat' dir='ltr'>Bergki0,</span> <span class='ocrx_word' id='word_1_99' title='bbox 1141 1785 1303 1860; x_wconf 89' lang='lat' dir='ltr'>Hecker0,</span> 
     </span>
     <span class='ocr_line' id='line_1_14' title="bbox 237 1882 1304 1976; baseline 0 -20"><span class='ocrx_word' id='word_1_100' title='bbox 237 1893 307 1956; x_wconf 87' lang='lat' dir='ltr'>aliis</span> <span class='ocrx_word' id='word_1_101' title='bbox 330 1895 406 1956; x_wconf 88' lang='lat' dir='ltr'>uiris</span> <span class='ocrx_word' id='word_1_102' title='bbox 429 1895 545 1970; x_wconf 87' lang='lat' dir='ltr'>doctis,</span> <span class='ocrx_word' id='word_1_103' title='bbox 570 1913 708 1976; x_wconf 91' lang='lat' dir='ltr'>quorum</span> <span class='ocrx_word' id='word_1_104' title='bbox 733 1896 774 1957; x_wconf 89' lang='lat' dir='ltr'>de</span> <span class='ocrx_word' id='word_1_105' title='bbox 797 1894 859 1956; x_wconf 89' lang='lat' dir='ltr'>hac</span> <span class='ocrx_word' id='word_1_106' title='bbox 884 1913 917 1956; x_wconf 92' lang='lat' dir='ltr'>re</span> <span class='ocrx_word' id='word_1_107' title='bbox 940 1895 1120 1957; x_wconf 88' lang='lat' dir='ltr'>sententias</span> <span class='ocrx_word' id='word_1_108' title='bbox 1141 1913 1183 1956; x_wconf 88' lang='lat' dir='ltr'>ex</span> <span class='ocrx_word' id='word_1_109' title='bbox 1200 1882 1304 1956; x_wconf 89' lang='lat' dir='ltr'>Crusii</span> 
     </span>
     <span class='ocr_line' id='line_1_15' title="bbox 236 2000 1302 2084; baseline 0 -21"><span class='ocrx_word' id='word_1_110' title='bbox 236 2004 278 2064; x_wconf 88' lang='lat' dir='ltr'>de</span> <span class='ocrx_word' id='word_1_111' title='bbox 313 2001 407 2064; x_wconf 90' lang='lat' dir='ltr'>Babr.</span> <span class='ocrx_word' id='word_1_112' title='bbox 444 2011 506 2064; x_wconf 90' lang='lat' dir='ltr'>aet.</span> <span class='ocrx_word' id='word_1_113' title='bbox 544 2023 618 2084; x_wconf 87' lang='lat' dir='ltr'>pag.</span> <span class='ocrx_word' id='word_1_114' title='bbox 658 2005 718 2080; x_wconf 88' lang='lat'>148</span> <span class='ocrx_word' id='word_1_115' title='bbox 752 2023 824 2083; x_wconf 89' lang='lat' dir='ltr'>sqq.</span> <span class='ocrx_word' id='word_1_116' title='bbox 849 2003 1000 2083; x_wconf 88' lang='lat' dir='ltr'>cognoui,</span> <span class='ocrx_word' id='word_1_117' title='bbox 1025 2002 1173 2064; x_wconf 90' lang='lat' dir='ltr'>assentiri</span> <span class='ocrx_word' id='word_1_118' title='bbox 1197 2000 1302 2064; x_wconf 87' lang='lat' dir='ltr'>uelim.</span> 
     </span>
     <span class='ocr_line' id='line_1_16' title="bbox 236 2107 1304 2192; baseline 0 -22"><span class='ocrx_word' id='word_1_119' title='bbox 236 2107 345 2190; x_wconf 85' lang='lat' dir='ltr'>Quum</span> <span class='ocrx_word' id='word_1_120' title='bbox 385 2110 481 2191; x_wconf 88' lang='lat' dir='ltr'>igitur</span> <span class='ocrx_word' id='word_1_121' title='bbox 516 2108 704 2191; x_wconf 85' lang='lat' dir='ltr'>allegoriam</span> <span class='ocrx_word' id='word_1_122' title='bbox 741 2110 910 2192; x_wconf 90' lang='lat' dir='ltr'>protulerit</span> <span class='ocrx_word' id='word_1_123' title='bbox 944 2110 1089 2184; x_wconf 89' lang='lat' dir='ltr'>Babrius,</span> <span class='ocrx_word' id='word_1_124' title='bbox 1125 2110 1304 2172; x_wconf 89' lang='lat' dir='ltr'>secundum</span> 
     </span>
     <span class='ocr_line' id='line_1_17' title="bbox 235 2216 1305 2299; baseline -0.001 -20"><span class='ocrx_word' id='word_1_125' title='bbox 235 2228 412 2298; x_wconf 87' lang='lat' dir='ltr'>praecepta</span> <span class='ocrx_word' id='word_1_126' title='bbox 435 2217 613 2299; x_wconf 90' lang='lat' dir='ltr'>sophistica</span> <span class='ocrx_word' id='word_1_127' title='bbox 636 2219 666 2280; x_wconf 89' lang='lat' dir='ltr'>ei</span> <span class='ocrx_word' id='word_1_128' title='bbox 690 2216 777 2282; x_wconf 88' lang='lat' dir='ltr'>licuit</span> <span class='ocrx_word' id='word_1_129' title='bbox 801 2228 833 2280; x_wconf 91' lang='lat' dir='ltr'>et</span> <span class='ocrx_word' id='word_1_130' title='bbox 856 2217 1011 2280; x_wconf 89' lang='lat' dir='ltr'>nonnulla</span> <span class='ocrx_word' id='word_1_131' title='bbox 1034 2217 1175 2280; x_wconf 89' lang='lat' dir='ltr'>obscura</span> <span class='ocrx_word' id='word_1_132' title='bbox 1190 2216 1305 2279; x_wconf 83' lang='lat' dir='ltr'>afferre</span> 
     </span>
     <span class='ocr_line' id='line_1_18' title="bbox 236 2323 1304 2408; baseline 0 -22"><span class='ocrx_word' id='word_1_133' title='bbox 236 2334 269 2386; x_wconf 90' lang='lat' dir='ltr'>et</span> <span class='ocrx_word' id='word_1_134' title='bbox 302 2323 539 2406; x_wconf 90' lang='lat' dir='ltr'>longitudinem</span> <span class='ocrx_word' id='word_1_135' title='bbox 574 2327 766 2388; x_wconf 88' lang='lat' dir='ltr'>narrationis</span> <span class='ocrx_word' id='word_1_136' title='bbox 790 2345 953 2408; x_wconf 87' lang='lat' dir='ltr'>quaerere.</span> <span class='ocrx_word' id='word_1_137' title='bbox 1001 2325 1138 2387; x_wconf 87' lang='lat' dir='ltr'>Babrius</span> <span class='ocrx_word' id='word_1_138' title='bbox 1161 2325 1247 2386; x_wconf 91' lang='lat' dir='ltr'>enim</span> <span class='ocrx_word' id='word_1_139' title='bbox 1272 2325 1304 2386; x_wconf 96' lang='lat' dir='ltr'>in</span> 
     </span>
    </p>
   </div>
   <div class='ocr_carea' id='block_1_5' title="bbox 139 2431 1303 2514">
    <p class='ocr_par' dir='ltr' id='par_1_5' title="bbox 139 2431 1303 2514">
     <span class='ocr_line' id='line_1_19' title="bbox 139 2431 1303 2514; baseline -0.001 -20"><span class='ocrx_word' id='word_1_140' title='bbox 139 2445 140 2448; x_wconf 75' lang='grc'>’</span> <span class='ocrx_word' id='word_1_141' title='bbox 236 2431 298 2494; x_wconf 91' lang='lat' dir='ltr'>hac</span> <span class='ocrx_word' id='word_1_142' title='bbox 322 2431 430 2495; x_wconf 88' lang='lat' dir='ltr'>fabula</span> <span class='ocrx_word' id='word_1_143' title='bbox 455 2443 487 2494; x_wconf 90' lang='lat' dir='ltr'>et</span> <span class='ocrx_word' id='word_1_144' title='bbox 512 2434 617 2514; x_wconf 89' lang='lat' dir='ltr'>prisca</span> <span class='ocrx_word' id='word_1_145' title='bbox 641 2443 674 2496; x_wconf 91' lang='lat' dir='ltr'>et</span> <span class='ocrx_word' id='word_1_146' title='bbox 699 2435 821 2496; x_wconf 89' lang='lat' dir='ltr'>nouitia</span> <span class='ocrx_word' id='word_1_147' title='bbox 844 2432 998 2496; x_wconf 91' lang='lat' dir='ltr'>nonnulla</span> <span class='ocrx_word' id='word_1_148' title='bbox 1022 2433 1161 2495; x_wconf 88' lang='lat' dir='ltr'>admisit.</span> <span class='ocrx_word' id='word_1_149' title='bbox 1209 2431 1303 2494; x_wconf 90' lang='lat' dir='ltr'>Vtin</span> 
     </span>
    </p>
   </div>
   <div class='ocr_carea' id='block_1_6' title="bbox 233 2538 1305 4234">
    <p class='ocr_par' dir='ltr' id='par_1_6' title="bbox 233 2538 1305 4234">
     <span class='ocr_line' id='line_1_20' title="bbox 237 2538 1302 2622; baseline 0 -21"><span class='ocrx_word' id='word_1_150' title='bbox 237 2557 332 2602; x_wconf 88' lang='lat' dir='ltr'>uersu</span> <span class='ocrx_word' id='word_1_151' title='bbox 358 2555 375 2601; x_wconf 90' lang='lat'><strong>2</strong></span> <span class='ocrx_word' id='word_1_152' title='bbox 401 2541 544 2620; x_wconf 89' lang='lat' dir='ltr'>priscum</span> <span class='ocrx_word' id='word_1_153' title='bbox 568 2561 640 2603; x_wconf 86' lang='lat' dir='ltr'>esse</span> <span class='ocrx_word' id='word_1_154' title='bbox 663 2561 782 2604; x_wconf 87' lang='lat' dir='ltr'>censeo</span> <span class='ocrx_word' id='word_1_155' title='bbox 799 2541 1022 2622; x_wconf 86' lang='lat' dir='ltr'>quodcanem</span> <span class='ocrx_word' id='word_1_156' title='bbox 1039 2542 1156 2602; x_wconf 89' lang='lat' dir='ltr'>ducem</span> <span class='ocrx_word' id='word_1_157' title='bbox 1175 2538 1302 2601; x_wconf 88' lang='lat' dir='ltr'>Achae·</span> 
     </span>
     <span class='ocr_line' id='line_1_21' title="bbox 235 2646 1305 2728; baseline -0.001 -19"><span class='ocrx_word' id='word_1_158' title='bbox 235 2667 291 2709; x_wconf 89' lang='lat' dir='ltr'>um</span> <span class='ocrx_word' id='word_1_159' title='bbox 327 2646 423 2710; x_wconf 83' lang='lat' dir='ltr'>fuisse</span> <span class='ocrx_word' id='word_1_160' title='bbox 459 2649 545 2710; x_wconf 90' lang='lat' dir='ltr'>dicit.</span> <span class='ocrx_word' id='word_1_161' title='bbox 593 2647 714 2711; x_wconf 88' lang='lat' dir='ltr'>Multas</span> <span class='ocrx_word' id='word_1_162' title='bbox 746 2649 779 2710; x_wconf 94' lang='lat' dir='ltr'>id</span> <span class='ocrx_word' id='word_1_163' title='bbox 803 2649 934 2728; x_wconf 89' lang='lat' dir='ltr'>quidem</span> <span class='ocrx_word' id='word_1_164' title='bbox 959 2667 1077 2710; x_wconf 90' lang='lat' dir='ltr'>nomen</span> <span class='ocrx_word' id='word_1_165' title='bbox 1103 2648 1305 2716; x_wconf 83' lang='lat' dir='ltr'>coniecturas</span> 
     </span>
     <span class='ocr_line' id='line_1_22' title="bbox 236 2751 1304 2839; baseline 0 -23"><span class='ocrx_word' id='word_1_166' title='bbox 236 2756 375 2818; x_wconf 89' lang='lat' dir='ltr'>uirorum</span> <span class='ocrx_word' id='word_1_167' title='bbox 411 2755 582 2818; x_wconf 91' lang='lat' dir='ltr'>doctorum</span> <span class='ocrx_word' id='word_1_168' title='bbox 618 2753 669 2839; x_wconf 84' lang='lat' dir='ltr'>(cs.</span> <span class='ocrx_word' id='word_1_169' title='bbox 707 2755 796 2818; x_wconf 83' lang='lat' dir='ltr'>Crus</span> <span class='ocrx_word' id='word_1_170' title='bbox 833 2757 874 2818; x_wconf 94' lang='lat' dir='ltr'>de</span> <span class='ocrx_word' id='word_1_171' title='bbox 909 2755 1002 2818; x_wconf 90' lang='lat' dir='ltr'>Babr.</span> <span class='ocrx_word' id='word_1_172' title='bbox 1039 2765 1100 2818; x_wconf 87' lang='lat' dir='ltr'>aet.</span> <span class='ocrx_word' id='word_1_173' title='bbox 1126 2775 1201 2835; x_wconf 90' lang='lat' dir='ltr'>pag.</span> <span class='ocrx_word' id='word_1_174' title='bbox 1232 2751 1304 2838; x_wconf 92' lang='lat'>148)</span> 
     </span>
     <span class='ocr_line' id='line_1_23' title="bbox 235 2843 1302 2944; baseline 0.001 -21"><span class='ocrx_word' id='word_1_175' title='bbox 235 2843 401 2938; x_wconf 83' lang='lat' dir='ltr'>excitauit,</span> <span class='ocrx_word' id='word_1_176' title='bbox 430 2863 473 2924; x_wconf 88' lang='lat' dir='ltr'>de</span> <span class='ocrx_word' id='word_1_177' title='bbox 497 2863 614 2944; x_wconf 88' lang='lat' dir='ltr'>quibus</span> <span class='ocrx_word' id='word_1_178' title='bbox 638 2864 781 2926; x_wconf 90' lang='lat' dir='ltr'>iudicare</span> <span class='ocrx_word' id='word_1_179' title='bbox 804 2873 913 2926; x_wconf 88' lang='lat' dir='ltr'>tamen</span> <span class='ocrx_word' id='word_1_180' title='bbox 939 2864 1219 2944; x_wconf 87' lang='lat' dir='ltr'>supersedendum</span> <span class='ocrx_word' id='word_1_181' title='bbox 1243 2872 1302 2924; x_wconf 87' lang='lat' dir='ltr'>est.</span> 
     </span>
     <span class='ocr_line' id='line_1_24' title="bbox 235 2969 1305 3055; baseline 0.001 -24"><span class='ocrx_word' id='word_1_182' title='bbox 235 2969 272 3031; x_wconf 94' lang='lat' dir='ltr'>Id</span> <span class='ocrx_word' id='word_1_183' title='bbox 307 2969 414 3034; x_wconf 89' lang='lat' dir='ltr'>solum</span> <span class='ocrx_word' id='word_1_184' title='bbox 449 2970 563 3032; x_wconf 88' lang='lat' dir='ltr'>afferre</span> <span class='ocrx_word' id='word_1_185' title='bbox 587 2969 683 3032; x_wconf 89' lang='lat' dir='ltr'>uelim</span> <span class='ocrx_word' id='word_1_186' title='bbox 709 2970 857 3033; x_wconf 88' lang='lat' dir='ltr'>Crusium</span> <span class='ocrx_word' id='word_1_187' title='bbox 883 2970 936 3055; x_wconf 90' lang='lat' dir='ltr'>(de</span> <span class='ocrx_word' id='word_1_188' title='bbox 959 2970 1055 3033; x_wconf 89' lang='lat' dir='ltr'>Babr.</span> <span class='ocrx_word' id='word_1_189' title='bbox 1081 2981 1142 3032; x_wconf 89' lang='lat' dir='ltr'>aet.</span> <span class='ocrx_word' id='word_1_190' title='bbox 1168 2991 1200 3050; x_wconf 93' lang='lat' dir='ltr'>p.</span> <span class='ocrx_word' id='word_1_191' title='bbox 1230 2971 1305 3050; x_wconf 85' lang='lat'>150)</span> 
     </span>
     <span class='ocr_line' id='line_1_25' title="bbox 235 3077 1305 3160; baseline -0.001 -20"><span class='ocrx_word' id='word_1_192' title='bbox 235 3096 354 3140; x_wconf 90' lang='lat' dir='ltr'>nomen</span> <span class='ocrx_word' id='word_1_193' title='bbox 389 3079 435 3140; x_wconf 89' lang='lat' dir='ltr'>ita</span> <span class='ocrx_word' id='word_1_194' title='bbox 467 3077 659 3160; x_wconf 86' lang='lat' dir='ltr'>explicasse,</span> <span class='ocrx_word' id='word_1_195' title='bbox 685 3088 720 3140; x_wconf 90' lang='lat' dir='ltr'>ut</span> <span class='ocrx_word' id='word_1_196' title='bbox 743 3088 813 3142; x_wconf 88' lang='lat' dir='ltr'>tota</span> <span class='ocrx_word' id='word_1_197' title='bbox 837 3077 945 3156; x_wconf 90' lang='lat' dir='ltr'>sabula</span> <span class='ocrx_word' id='word_1_198' title='bbox 969 3079 1106 3159; x_wconf 89' lang='lat' dir='ltr'>parodia</span> <span class='ocrx_word' id='word_1_199' title='bbox 1129 3078 1305 3140; x_wconf 89' lang='lat' dir='ltr'>Homerica</span> 
     </span>
     <span class='ocr_line' id='line_1_26' title="bbox 235 3185 1305 3268; baseline -0.002 -20"><span class='ocrx_word' id='word_1_200' title='bbox 235 3195 321 3248; x_wconf 87' lang='lat' dir='ltr'>esset</span> <span class='ocrx_word' id='word_1_201' title='bbox 344 3187 499 3268; x_wconf 85' lang='lat' dir='ltr'>canisque</span> <span class='ocrx_word' id='word_1_202' title='bbox 523 3186 592 3249; x_wconf 86' lang='lat' dir='ltr'>dux</span> <span class='ocrx_word' id='word_1_203' title='bbox 617 3186 772 3249; x_wconf 89' lang='lat' dir='ltr'>Achaeus</span> <span class='ocrx_word' id='word_1_204' title='bbox 797 3187 953 3267; x_wconf 90' lang='lat' dir='ltr'>parodice</span> <span class='ocrx_word' id='word_1_205' title='bbox 977 3185 1196 3267; x_wconf 87' lang='lat' dir='ltr'>appellaretur</span> <span class='ocrx_word' id='word_1_206' title='bbox 1219 3185 1305 3260; x_wconf 92' lang='lat' dir='ltr'>ide0,</span> 
     </span>
     <span class='ocr_line' id='line_1_27' title="bbox 236 3291 1304 3375; baseline 0 -21"><span class='ocrx_word' id='word_1_207' title='bbox 236 3294 323 3374; x_wconf 90' lang='lat' dir='ltr'>quod</span> <span class='ocrx_word' id='word_1_208' title='bbox 349 3293 559 3374; x_wconf 87' lang='lat' dir='ltr'>Agamemno</span> <span class='ocrx_word' id='word_1_209' title='bbox 583 3314 774 3375; x_wconf 85' lang='lat' dir='ltr'>graecorum</span> <span class='ocrx_word' id='word_1_210' title='bbox 791 3295 859 3356; x_wconf 86' lang='lat' dir='ltr'>dux</span> <span class='ocrx_word' id='word_1_211' title='bbox 877 3294 1032 3355; x_wconf 88' lang='lat' dir='ltr'>Achaeus</span> <span class='ocrx_word' id='word_1_212' title='bbox 1048 3303 1143 3356; x_wconf 90' lang='lat' dir='ltr'>esset.</span> <span class='ocrx_word' id='word_1_213' title='bbox 1184 3291 1304 3374; x_wconf 85' lang='lat' dir='ltr'>Quam·</span> 
     </span>
     <span class='ocr_line' id='line_1_28' title="bbox 234 3395 1304 3482; baseline -0.001 -20"><span class='ocrx_word' id='word_1_214' title='bbox 234 3419 333 3482; x_wconf 88' lang='lat' dir='ltr'>quarn</span> <span class='ocrx_word' id='word_1_215' title='bbox 361 3401 514 3463; x_wconf 86' lang='lat' dir='ltr'>Babrium</span> <span class='ocrx_word' id='word_1_216' title='bbox 539 3401 601 3464; x_wconf 90' lang='lat' dir='ltr'>hac</span> <span class='ocrx_word' id='word_1_217' title='bbox 625 3400 735 3464; x_wconf 87' lang='lat' dir='ltr'>fabula</span> <span class='ocrx_word' id='word_1_218' title='bbox 759 3403 973 3464; x_wconf 89' lang='lat' dir='ltr'>imitationem</span> <span class='ocrx_word' id='word_1_219' title='bbox 998 3395 1208 3462; x_wconf 87' lang='lat' dir='ltr'>Homericam</span> <span class='ocrx_word' id='word_1_220' title='bbox 1232 3419 1304 3481; x_wconf 92' lang='lat' dir='ltr'>pro·</span> 
     </span>
     <span class='ocr_line' id='line_1_29' title="bbox 234 3507 1303 3586; baseline 0.001 -17"><span class='ocrx_word' id='word_1_221' title='bbox 234 3507 345 3571; x_wconf 88' lang='lat' dir='ltr'>tulisse</span> <span class='ocrx_word' id='word_1_222' title='bbox 380 3507 495 3572; x_wconf 90' lang='lat' dir='ltr'>Crusio</span> <span class='ocrx_word' id='word_1_223' title='bbox 530 3511 698 3586; x_wconf 89' lang='lat' dir='ltr'>assentior,</span> <span class='ocrx_word' id='word_1_224' title='bbox 726 3519 835 3571; x_wconf 88' lang='lat' dir='ltr'>tamen</span> <span class='ocrx_word' id='word_1_225' title='bbox 860 3508 956 3572; x_wconf 88' lang='lat' dir='ltr'>aliam</span> <span class='ocrx_word' id='word_1_226' title='bbox 981 3509 1121 3570; x_wconf 89' lang='lat' dir='ltr'>nominis</span> <span class='ocrx_word' id='word_1_227' title='bbox 1145 3507 1227 3570; x_wconf 89' lang='lat' dir='ltr'>illius</span> <span class='ocrx_word' id='word_1_228' title='bbox 1251 3527 1303 3570; x_wconf 87' lang='lat' dir='ltr'>ex·</span> 
     </span>
     <span class='ocr_line' id='line_1_30' title="bbox 234 3614 1303 3697; baseline 0.003 -20"><span class='ocrx_word' id='word_1_229' title='bbox 234 3614 442 3696; x_wconf 89' lang='lat' dir='ltr'>plicationem</span> <span class='ocrx_word' id='word_1_230' title='bbox 467 3635 539 3680; x_wconf 84' lang='lat' dir='ltr'>esse</span> <span class='ocrx_word' id='word_1_231' title='bbox 563 3618 672 3680; x_wconf 92' lang='lat' dir='ltr'>credo.</span> <span class='ocrx_word' id='word_1_232' title='bbox 722 3617 777 3679; x_wconf 90' lang='lat' dir='ltr'>Ad</span> <span class='ocrx_word' id='word_1_233' title='bbox 802 3617 972 3678; x_wconf 88' lang='lat' dir='ltr'>ueritatem</span> <span class='ocrx_word' id='word_1_234' title='bbox 997 3617 1103 3697; x_wconf 90' lang='lat' dir='ltr'>ipsam</span> <span class='ocrx_word' id='word_1_235' title='bbox 1128 3618 1303 3680; x_wconf 90' lang='lat' dir='ltr'>eruendam</span> 
     </span>
     <span class='ocr_line' id='line_1_31' title="bbox 234 3721 1304 3804; baseline -0.001 -19"><span class='ocrx_word' id='word_1_236' title='bbox 234 3722 322 3786; x_wconf 90' lang='lat' dir='ltr'>haud</span> <span class='ocrx_word' id='word_1_237' title='bbox 347 3723 485 3788; x_wconf 89' lang='lat' dir='ltr'>alienum</span> <span class='ocrx_word' id='word_1_238' title='bbox 510 3726 570 3787; x_wconf 88' lang='lat' dir='ltr'>erit</span> <span class='ocrx_word' id='word_1_239' title='bbox 594 3727 691 3788; x_wconf 88' lang='lat' dir='ltr'>etiam</span> <span class='ocrx_word' id='word_1_240' title='bbox 716 3724 888 3787; x_wconf 90' lang='lat' dir='ltr'>lectionem</span> <span class='ocrx_word' id='word_1_241' title='bbox 914 3724 978 3788; x_wconf 84' lang='lat' dir='ltr'>lab.</span> <span class='ocrx_word' id='word_1_242' title='bbox 997 3721 1106 3786; x_wconf 91' lang='lat' dir='ltr'>Halm.</span> <span class='ocrx_word' id='word_1_243' title='bbox 1126 3725 1188 3802; x_wconf 88' lang='lat'>267</span> <span class='ocrx_word' id='word_1_244' title='bbox 1207 3724 1304 3804; x_wconf 84' lang='lat' dir='ltr'>respi·</span> 
     </span>
     <span class='ocr_line' id='line_1_32' title="bbox 234 3827 1305 3913; baseline -0.002 -21"><span class='ocrx_word' id='word_1_245' title='bbox 234 3851 316 3906; x_wconf 89' lang='lat' dir='ltr'>cere,</span> <span class='ocrx_word' id='word_1_246' title='bbox 351 3852 436 3912; x_wconf 90' lang='lat' dir='ltr'>quae</span> <span class='ocrx_word' id='word_1_247' title='bbox 471 3833 513 3894; x_wconf 92' lang='lat' dir='ltr'>de</span> <span class='ocrx_word' id='word_1_248' title='bbox 548 3834 631 3898; x_wconf 89' lang='lat' dir='ltr'>duce</span> <span class='ocrx_word' id='word_1_249' title='bbox 654 3853 771 3895; x_wconf 90' lang='lat' dir='ltr'>canum</span> <span class='ocrx_word' id='word_1_250' title='bbox 797 3832 945 3913; x_wconf 89' lang='lat' dir='ltr'>praebet:</span> <span class='ocrx_word' id='word_1_251' title='bbox 981 3829 1092 3893; x_wconf 77' lang='grc' dir='ltr'>»κύων</span> <span class='ocrx_word' id='word_1_252' title='bbox 1115 3827 1156 3891; x_wconf 84' lang='grc' dir='ltr'>δὲ</span> <span class='ocrx_word' id='word_1_253' title='bbox 1178 3827 1305 3910; x_wconf 76' lang='grc' dir='ltr'>Ἕλλην</span> 
     </span>
     <span class='ocr_line' id='line_1_33' title="bbox 234 3937 1302 4020; baseline -0.001 -20"><span class='ocrx_word' id='word_1_254' title='bbox 234 3937 343 4019; x_wconf 66' lang='grc' dir='ltr'>ᾑρέθη</span> <span class='ocrx_word' id='word_1_255' title='bbox 382 3938 575 4020; x_wconf 82' lang='grc' dir='ltr'>στρατηγὸς</span> <span class='ocrx_word' id='word_1_256' title='bbox 611 3939 741 4004; x_wconf 78' lang='grc' dir='ltr'><strong>κυσίν»,</strong></span> <span class='ocrx_word' id='word_1_257' title='bbox 790 3940 841 4002; x_wconf 87' lang='lat' dir='ltr'>Ex</span> <span class='ocrx_word' id='word_1_258' title='bbox 881 3941 918 4002; x_wconf 90' lang='lat' dir='ltr'>iis</span> <span class='ocrx_word' id='word_1_259' title='bbox 956 3949 1075 4014; x_wconf 89' lang='lat' dir='ltr'>autem,</span> <span class='ocrx_word' id='word_1_260' title='bbox 1110 3957 1193 4020; x_wconf 92' lang='lat' dir='ltr'>quae</span> <span class='ocrx_word' id='word_1_261' title='bbox 1226 3937 1302 4000; x_wconf 76' lang='lat' dir='ltr'>Cru-</span> 
     </span>
     <span class='ocr_line' id='line_1_34' title="bbox 233 4045 1304 4132; baseline -0.001 -24"><span class='ocrx_word' id='word_1_262' title='bbox 233 4047 300 4109; x_wconf 90' lang='lat' dir='ltr'>sius</span> <span class='ocrx_word' id='word_1_263' title='bbox 335 4048 390 4128; x_wconf 88' lang='lat' dir='ltr'>(de</span> <span class='ocrx_word' id='word_1_264' title='bbox 425 4045 520 4110; x_wconf 86' lang='lat' dir='ltr'>Babr.</span> <span class='ocrx_word' id='word_1_265' title='bbox 555 4058 617 4112; x_wconf 88' lang='lat' dir='ltr'>aet.</span> <span class='ocrx_word' id='word_1_266' title='bbox 656 4069 732 4130; x_wconf 88' lang='lat' dir='ltr'>pag.</span> <span class='ocrx_word' id='word_1_267' title='bbox 762 4061 823 4127; x_wconf 82' lang='lat'>150</span> <span class='ocrx_word' id='word_1_268' title='bbox 847 4049 921 4110; x_wconf 91' lang='lat' dir='ltr'>adn.</span> <span class='ocrx_word' id='word_1_269' title='bbox 949 4045 979 4132; x_wconf 85' lang='lat'>3)</span> <span class='ocrx_word' id='word_1_270' title='bbox 1003 4048 1045 4109; x_wconf 90' lang='lat' dir='ltr'>de</span> <span class='ocrx_word' id='word_1_271' title='bbox 1071 4045 1178 4108; x_wconf 90' lang='lat' dir='ltr'>Babrii</span> <span class='ocrx_word' id='word_1_272' title='bbox 1202 4045 1304 4108; x_wconf 82' lang='lat' dir='ltr'>imita·</span> 
     </span>
     <span class='ocr_line' id='line_1_35' title="bbox 235 4143 1303 4234; baseline 0 -19"><span class='ocrx_word' id='word_1_273' title='bbox 235 4155 323 4218; x_wconf 91' lang='lat' dir='ltr'>tione</span> <span class='ocrx_word' id='word_1_274' title='bbox 358 4143 516 4219; x_wconf 86' lang='lat' dir='ltr'>sermonis</span> <span class='ocrx_word' id='word_1_275' title='bbox 553 4156 719 4218; x_wconf 86' lang='lat' dir='ltr'>Homerici</span> <span class='ocrx_word' id='word_1_276' title='bbox 743 4155 845 4230; x_wconf 89' lang='lat' dir='ltr'>affert,</span> <span class='ocrx_word' id='word_1_277' title='bbox 872 4154 964 4218; x_wconf 86' lang='lat' dir='ltr'>sacile</span> <span class='ocrx_word' id='word_1_278' title='bbox 988 4153 1174 4234; x_wconf 90' lang='lat' dir='ltr'>intelligitur</span> <span class='ocrx_word' id='word_1_279' title='bbox 1197 4163 1303 4216; x_wconf 89' lang='lat' dir='ltr'>aucto·</span> 
     </span>
    </p>
   </div>
   <div class='ocr_carea' id='block_1_7' title="bbox 0 0 1634 4882">
    <p class='ocr_par' dir='ltr' id='par_1_7' title="bbox 0 0 1634 4882">
     <span class='ocr_line' id='line_1_36' title="bbox 0 0 1634 4882; baseline 0 0"><span class='ocrx_word' id='word_1_280' title='bbox 0 0 1634 4882; x_wconf 95' lang='lat' dir='ltr'> </span> 
     </span>
    </p>
   </div>
  </div>
 </body>
</html>
