3260 4882
756 387 956 447 -118-

320 604 363 664 ris
398 600 519 664 Kelleri
543 613 576 664 et
599 601 775 663 Zachariae
799 600 908 662 uidere
933 597 1016 660 licet.
1066 597 1110 659 Vt
1133 595 1242 660 Keller
1266 617 1297 678 p.
1323 613 1389 674 404

320 711 445 773 monuit
477 709 609 791 phrasin
632 728 715 770 uera.
741 709 784 770 60
812 704 913 786 »χολὴ
938 703 1080 780 δ’ἐπέζει
1102 701 1265 784 καρδίην»
1294 703 1393 766 nobis

320 819 504 881 necessario
523 817 580 880 Ar.
595 816 728 879 Thesm.
743 817 807 894 468
837 811 1056 888 »οὐδ’ἐπιζείν
1067 810 1128 892 τὴν
1139 809 1260 892 χολήν»
1277 812 1310 874 in
1326 831 1391 872 me·

321 927 457 988 moriam
475 945 638 999 reuocare,
656 934 689 986 et
712 923 888 985 Zachariae
904 920 923 985 l.
941 920 960 984 l.
979 943 1010 1002 p.
1027 921 1048 982 6
1065 918 1236 1000 »γρύζειρ
1252 918 1391 981 uerbum

321 1053 402 1096 uers
424 1034 466 1112 63
487 1033 585 1095 etiam
609 1054 629 1094 a
653 1039 753 1113 po'eta
777 1029 830 1092 illo
855 1030 982 1092 comico
1006 1027 1097 1113 (Plut.
1115 1025 1192 1107 454)
1209 1026 1390 1089 adhibitum

320 1161 392 1202 esse
417 1141 535 1203 docuit.
583 1141 674 1202 Idem
699 1141 796 1202 etiarn
821 1139 862 1199 de
888 1134 1141 1211 »ἀλωπεκίζεια
1162 1135 1263 1198 uerbo
1281 1153 1394 1196 uersus

320 1249 486 1329 sequentis
503 1247 609 1311 ualere
626 1249 742 1310 eadem
760 1247 880 1327 pagina
898 1244 1135 1308 animaduertit.
1161 1242 1218 1305 Ad
1231 1242 1393 1304 dictiones

320 1356 466 1436 poeticas
478 1357 585 1439 ⁴etiam
602 1355 734 1436 phrasin
752 1373 833 1416 uers.
854 1367 896 1431 97
918 1349 1041 1432 »μόνην
1058 1350 1229 1414 ἀπ’ἄλλων
1243 1346 1391 1428 καρδίην

320 1461 488 1544 ἐπεζήτει»
508 1464 668 1544 pertinere
684 1463 861 1525 Zachariae
878 1461 898 1524 l.
918 1459 938 1524 l.
957 1481 989 1541 p.
1010 1472 1049 1540 35
1067 1458 1228 1540 exemplis
1244 1474 1394 1539 compro·

324 1572 424 1645 bauit,
442 1572 627 1653 eodemque
650 1570 739 1632 haud
763 1570 861 1632 dubie
884 1589 966 1632 uers.
995 1581 1034 1648 52
1059 1566 1179 1630 locutio
1199 1565 1393 1629 »πλέκουσα

320 1677 441 1759 τέχνας
453 1677 510 1740 καὶ
523 1676 735 1757 πανουργίας
746 1677 879 1754 πάσας»
896 1677 1066 1746 referenda
1078 1685 1137 1738 est.
1152 1674 1393 1744 Etiamnouitia

321 1788 353 1848 in
378 1787 439 1848 hac
464 1784 572 1848 sabula
596 1784 710 1848 sedulo
730 1805 750 1847 a
766 1785 884 1847 Babrio
901 1786 1044 1848 admissa
1060 1803 1132 1846 esse
1147 1783 1290 1846 ostendit
1306 1802 1388 1845 uers.

321 1896 362 1973 87
397 1892 580 1974 >>ἀχαιίνη>>,
606 1895 695 1974 quod
719 1893 810 1965 ἅπαξ
834 1892 1012 1976 εἰρημένον
1036 1911 1107 1954 esse
1132 1892 1259 1952 monuit
1281 1889 1391 1952 Keller

321 2022 396 2082 pag.
425 2018 498 2081 399.
547 2000 647 2082 Quod
663 2011 771 2062 autern
793 1999 954 2080 »lopiano
975 2020 1057 2063 uers.
1078 2015 1095 2080 7
1113 1999 1213 2062 uerbo
1230 1998 1389 2080 significa-

257 2113 260 2120 '
320 2110 443 2171 tionem
476 2108 588 2170 auctor
610 2109 727 2170 indidit
751 2107 890 2185 ualendi,
915 2109 1091 2170 Zachariae
1115 2127 1190 2188 pag.
1221 2123 1259 2186 14
1283 2126 1390 2170 exem·

320 2217 382 2299 plis
417 2217 570 2298 probauit
605 2217 637 2278 id
661 2217 694 2278 in
718 2218 916 2297 proprietate
940 2217 1070 2279 dicendi
1094 2216 1226 2279 rationis
1250 2215 1393 2277 auctoris

321 2326 463 2406 positum
480 2344 560 2387 esse.
601 2323 783 2387 Nonnullas
798 2324 913 2386 harum
930 2323 1128 2388 locutionum
1145 2334 1180 2386 ut
1196 2343 1278 2386 uers.
1300 2335 1339 2402 52
1357 2333 1390 2384 et

320 2450 363 2514 97
388 2453 459 2494 eam
484 2430 587 2493 solam
612 2431 657 2493 ob
681 2451 812 2494 causam
837 2432 1001 2494 adhibitas
1022 2452 1102 2507 esse,
1120 2442 1155 2494 ut
1172 2433 1388 2494 narrationem

321 2539 555 2622 amplificarent
595 2537 840 2621 longioremque
877 2539 1058 2614 redderent,
1096 2559 1138 2600 ex
1170 2541 1243 2620 ipsa
1278 2559 1389 2601 earum

320 2648 494 2711 uerborum
530 2648 626 2727 copia
661 2645 853 2724 concludere
889 2646 972 2710 licet.
1021 2647 1166 2710 Maxime
1190 2656 1298 2710 autem
1323 2668 1390 2709 om-

321 2757 410 2818 nium
445 2766 481 2816 ut
517 2752 657 2816 fabulam
694 2756 894 2830 extenderet,
929 2755 1191 2835 prosopopoeiae
1216 2754 1389 2836 amplifica·

321 2865 410 2926 tione
435 2881 514 2924 usus
536 2871 595 2924 est.
636 2861 798 2924 Versuum
823 2860 952 2924 sabulae
980 2878 1039 2925 102
1057 2882 1123 2925 non
1141 2862 1245 2924 minus
1265 2875 1302 2942 55
1321 2881 1389 2924 ora-

320 2970 462 3033 tionibus
486 2989 698 3050 personarum
722 2968 841 3032 talibus
865 2968 1078 3050 complentur,
1104 2980 1139 3033 ut
1155 2971 1279 3051 optime
1296 2972 1391 3032 mori-

321 3079 382 3142 bus
416 3088 448 3140 et
484 3087 618 3140 naturae
652 3075 838 3140 animalium
876 3078 908 3140 in
941 3077 1049 3140 sabula
1084 3089 1194 3159 partes
1221 3081 1388 3161 agentium

250 3177 251 3180 ¹
323 3187 528 3249 conueniant.

428 3294 465 3356 In
497 3292 605 3356 sabula
634 3293 694 3356 106
718 3293 887 3356 tractanda
911 3291 1008 3374 longe
1032 3295 1115 3356 inter
1137 3315 1173 3356 se
1196 3295 1391 3358 dissentiunt

321 3403 379 3464 uiri
415 3401 505 3463 docti
529 3402 613 3464 sitne
637 3421 713 3464 uere
736 3401 898 3463 Babriana
921 3420 963 3462 an
977 3403 1209 3490 *suppositicia
1259 3401 1391 3465 Crusius

218 3587 220 3591 Ι
322 3507 427 3592 (Babr.
469 3519 530 3571 aet.
571 3530 603 3589 p.
649 3511 721 3589 142)
766 3529 887 3583 eorum,
929 3510 984 3590 qui
1029 3508 1173 3572 fabulam
1221 3511 1389 3586 damnant,

321 3617 516 3679 sententiam
550 3615 693 3678 refellere
735 3627 880 3691 conatur,
918 3615 1166 3680 Ruthersordius
1205 3628 1313 3680 autem
1358 3619 1390 3680 in

322 3725 555 3787 commentario
579 3745 611 3805 p.
641 3741 697 3787 101
726 3744 824 3805 quam
848 3725 991 3788 maxime
1016 3725 1142 3804 probat.
1190 3726 1236 3788 Vt
1261 3725 1391 3788 Crusius

321 3841 526 3918 argumenta,
549 3833 808 3894 aduersariorum
838 3832 946 3894 inania
969 3851 1041 3894 esse
1066 3832 1219 3908 declarat,
1245 3835 1289 3896 ita
1312 3834 1396 3896 mihi.

322 3940 454 4021 quidem
479 3959 519 4002 ea
542 3950 638 4016 certe,
665 3959 748 4021 quae
773 3939 866 4003 affert
889 3939 1037 4002 Hochius
1061 3941 1124 4026 (De
1148 3939 1264 4004 fabulis
1280 3941 1388 4004 Babrii

322 4048 481 4128 corruptis
505 4057 603 4129 atque
626 4047 838 4128 interpolatis,
864 4069 895 4129 p.
923 4049 987 4128 36),
1014 4069 1080 4112 non
1096 4050 1196 4112 modo
1218 4042 1390 4112 non'fabu·

321 4155 385 4217 lam
410 4155 606 4216 reiciendam
630 4175 702 4216 esse
726 4155 950 4236 comprobare,
977 4157 1035 4218 sed
1060 4157 1157 4220 etiarn
1183 4177 1255 4218 earn
1279 4157 1389 4238 genui-
