3260 4882
635 433 834 508 -141-

202 641 467 725 οὔκὲθλππειήν»
507 663 587 706 ansa
623 645 664 706 ad
694 662 814 705 nouam
841 641 1057 706 narrationem
1082 637 1268 721 fingendam

200 763 297 833 capta
332 763 443 828 esset,
463 771 575 814 uersus
605 752 635 812 in
661 749 826 832 epilogum
851 758 992 813 mutatus
1015 747 1057 812 ad
1075 743 1224 812 ‘fabulam
1249 761 1267 826 7

200 859 464 941 componendam
489 857 620 933 ualeret,
645 867 744 939 atque
768 877 801 920 re
826 876 901 918 uera
925 857 995 918 eius
1018 854 1152 936 originis
1176 856 1269 917 uesti-

200 969 287 1048 gium
312 976 426 1028 auctor
450 965 597 1028 uersibus
625 981 766 1044 12-*13r
796 962 974 1026 »ἐπάὐτὸν
998 961 1099 1026 ἐτίθει
1122 959 1183 1041 τὴν
1211 962 1268 1024 σά-

199 1096 263 1156 γην
295 1095 332 1137 τε
358 1075 419 1136 τοῦ
453 1071 608 1154 κτήνους,
631 1071 689 1138 καὶ
712 1070 773 1152 τὴν
796 1070 910 1152 breint
931 1068 1190 1150 npooertellnxav
1214 1069 1263 1130 ἐκ·

201 1181 338 1262 δείρας»
367 1183 505 1245 retinuit.
574 1161 576 1166 Ι
932 1187 934 1190 ’

306 1290 464 1353 Fabulam
501 1288 608 1351 Babrii
648 1304 684 1368 13
710 1289 737 1350 si
761 1284 1002 1368 perlegerimus,
1028 1282 1130 1360 facile,
1155 1284 1265 1360 credo,

200 1396 339 1460 elucebit
368 1408 593 1478 argumentum
618 1397 687 1458 eius
710 1396 792 1460 sicut
816 1395 910 1458 Babr.
936 1393 957 1456 6
981 1404 1014 1456 et
1043 1408 1103 1471 124
1127 1391 1241 1490 ⁰⁰⁰3]
1260 1427 1268 1438 ·

200 1503 276 1566 bula
300 1525 339 1567 ea
362 1504 520 1586 Aesopea
544 1504 729 1578 conuenire,
753 1523 836 1583 quae
849 1516 898 1566 est
911 1500 1006 1564 Babr.
1022 1477 1270 1587 273Hraedrf

200 1613 224 1688 Ι,
251 1629 301 1674 22.
331 1612 385 1674 'Vt
408 1614 439 1673 in
464 1612 621 1693 Aesopea
646 1609 754 1674 sabula
778 1608 925 1686 mustela,
950 1611 994 1674 ita
1017 1611 1049 1674 in
1067 1609 1128 1672 hac
1145 1610 1270 1674 ciconia

200 1730 393 1801 argumenta
427 1719 554 1782 diuersa
589 1718 756 1801 proferens
790 1719 833 1782 ab
868 1718 1000 1782 homine
1035 1718 1115 1800 petit
1150 1727 1184 1779 ut
1207 1715 1268 1778 sibi

200 1840 321 1908 parcat.
369 1826 435 1890 Sed
474 1847 579 1908 neque
618 1826 692 1889 huic
731 1846 837 1908 neque
875 1824 918 1888 illi
957 1846 1008 1889 res
1043 1846 1084 1888 ex
1108 1827 1268 1888 sententia

201 1936 367 2016 processit.
404 1935 456 1997 Ex
480 1936 551 2016 ipsa
575 1934 682 1996 Babrii
707 1933 815 1996 sabula
839 1932 1061 1997 difficillimum
1086 1944 1135 1996 est
1158 1954 1269 1996 eruere

200 2044 287 2105 unde
315 2063 464 2124 egressus
488 2053 600 2104 auctor
624 2040 783 2124 ἀφορμήν
806 2043 991 2105 ad'nouam
1017 2041 1158 2106 fabulam
1182 2063 1269 2108 com-

201 2153 387 2232 ponendam
424 2151 484 2213 sibi
520 2151 704 2232 sumpserit.
753 2149 787 2213 Si
823 2161 930 2213 autem
968 2149 1104 2225 fabulas,
1129 2155 1268 2232 quaein

200 2259 390 2321 collectione
426 2258 547 2322 Halmii
582 2269 723 2333 exstant,
758 2255 1117 2343 respexerimusffduae
1138 2257 1269 2322 'fabulae

200 2366 323 2428 formae
359 2365 517 2448 leguntur,
554 2386 689 2447 quarum
725 2386 924 2447 quamquam
961 2376 1073 2436 neutra
1106 2366 1268 2429 aBabrio

200 2476 344 2556 pendere
380 2473 516 2549 uidetur,
540 2482 649 2536 tamen
675 2472 775 2535 altera
804 2491 865 2558 roo
889 2465 1089 2556 propiusssad
1115 2475 1268 2536 narratio·

202 2601 275 2642 nem
315 2581 423 2642 Babrii
462 2601 559 2661 quam
595 2580 695 2643 altera
730 2577 803 2644 100'¹
828 2583 962 2644 accedit.
1011 2582 1056 2644 Vt
1080 2581 1267 2662 exemplum

202 2707 299 2750 unum
337 2687 442 2749 solum
482 2687 625 2763 afferam,
665 2690 791 2751 ciconia
827 2709 926 2770 quum
962 2690 992 2751 in
1027 2688 1135 2752 sabula
1158 2688 1266 2752 Halm.

206 2791 279 2858 100⁶
315 2795 357 2856 de
392 2795 501 2857 colore
535 2816 594 2856 suo
629 2805 724 2871 tacet,
761 2798 792 2858 in
828 2796 989 2860 Babriana
1012 2807 1046 2859 et
1070 2796 1177 2858 Halm.
1208 2813 1269 2859 100

200 2903 364 2964 hominem
404 2914 592 2966 commonet
630 2923 666 2965 se
695 2902 804 2966 colore
827 2925 887 2968 suo
917 2904 1095 2985 agruibus
1119 2902 1268 2966 facillime
1363 2905 1370 2922 ’

199 3011 363 3092 distingui.
412 3010 521 3073 Nihilo
556 3011 663 3072 minus
697 3010 839 3074 fabulam
876 3011 985 3076 Halm.
1023 3007 1097 3076 100⁶
1134 3013 1269 3094 propius

200 3139 298 3199 quam
334 3129 391 3180 aut
426 3118 619 3180 Rabrianam
646 3130 701 3182 aut
727 3119 834 3182 Halm.
865 3137 926 3183 100
950 3121 991 3184 ad
1016 3119 1185 3200 exemplar
1209 3121 1268 3200 pri-

201 3228 376 3305 migenium
414 3225 542 3288 fabulae
578 3228 736 3288 accedere
769 3247 841 3289 eam
878 3228 922 3289 ob
959 3249 1024 3291 rem
1060 3229 1268 3290 statuendum

200 3342 258 3405 est,
295 3334 384 3413 quod
414 3331 521 3394 Halm.
553 3328 625 3395 100⁶
649 3334 746 3395 etiam
771 3354 856 3397 nunc
880 3335 975 3397 nobis
998 3335 1158 3417 ἀφορμήν
1182 3334 1268 3398 illam
1303 3395 1305 3400 .

200 3442 240 3501 ad
268 3438 408 3506 fabulam
432 3440 697 3521 componendam
722 3440 910 3517 adhibitam,
936 3462 1019 3523 quae
1044 3463 1085 3504 ex
1110 3442 1268 3524 Aesopeo

201 3557 402 3628 argumento,
428 3548 516 3628 quod
541 3547 621 3619 dixi,
645 3557 776 3628 sumpta
798 3559 857 3622 est,
875 3550 1028 3612 continet.
1065 3549 1164 3632 Quod
1181 3552 1267 3614 enim
1311 3583 1313 3586 ·

201 3655 230 3716 in
267 3652 376 3716 tabula
412 3653 521 3716 Halm.
551 3649 625 3717 100⁶
650 3655 775 3717 ciconia
798 3655 877 3716 dicit
900 3675 935 3717 se
959 3656 1144 3740 hominibus
1170 3677 1267 3739 quam

201 3763 343 3822 maxime
360 3762 516 3842 prodesse
531 3773 700 3844 serpentes
715 3762 941 3826 comedentem
955 3761 1011 3843 (cs.
1023 3763 1143 3828 Halm:
1161 3764 1268 3828 »ἀλλὰ

199 3866 256 3929 καὶ
281 3866 548 3950 ὠφελιμώτατος·
574 3867 655 3946 τοὺς
679 3869 748 3948 γὰρ
772 3866 870 3950 ὄφεις
892 3869 950 3934 καὶ
965 3870 1009 3934 τὰ
1024 3871 1126 3935 λοιπὰ
1142 3871 1268 3950 ἑρπετὰ
1287 3887 1291 3894 ’

200 3975 447 4060 συλλαμβάνων
474 3978 671 4057 ἀναιρεῑνλ),
686 3979 718 4040 id
735 3979 813 4040 satis
829 3978 925 4042 nobis
940 3981 1084 4044 ostendit
1100 3999 1267 4060 argumen-

200 4093 267 4144 tum
303 4083 402 4144 totius
437 4083 565 4146 fabulae
601 4105 642 4146 ex
675 4086 834 4148 sententia
858 4084 1024 4166 Aesopea,
1049 4086 1092 4148 de
1115 4105 1180 4167 qua
1204 4085 1267 4148 alio

201 4188 273 4250 loco
297 4191 470 4271 disputaui,
496 4212 646 4272 quaeque
669 4194 773 4254 uersui
798 4211 819 4269 4
843 4191 975 4260 fabulae¹
997 4192 1105 4256 Babrii
1131 4209 1170 4273 27
1196 4194 1265 4254 sub-
