3244 4868
670 389 847 458 ...47-.

226 589 376 673 graculus
409 611 574 672 pauonum
600 593 691 673 gregi
714 611 750 654 se
774 592 996 667 immiscuisse,
1022 592 1141 655 deinde
1165 592 1207 654 ab
1231 591 1292 654 illis

225 699 355 781 fugatus
390 719 490 780 quum
516 701 558 762 ad
581 719 658 762 suos
683 700 785 762 redire
809 698 915 773 uellet,
940 700 1039 762 etiam
1062 699 1106 761 ab
1128 700 1166 761 iis
1190 698 1291 781 repul-

225 827 294 870 sam
331 805 451 870 tulisse.
499 805 651 888 Sequitur
686 817 720 868 ut
754 807 796 869 de
822 808 1005 870 narratione
1029 807 1137 870 Babrii
1161 809 1291 886 quaera-

226 935 306 977 mus
354 915 411 976 Ad
435 935 502 978 rem
526 915 702 977 diiudicatu
719 914 938 977 'difficiliorem
955 913 1138 976 faciendam
1155 913 1291 976 multum

226 1021 311 1085 ualet
345 1024 434 1103 quod
459 1022 552 1085 Babr.
581 1037 620 1101 72
645 1043 800 1103 magnam
824 1041 898 1084 cum
923 1020 1040 1084 fabulis
1061 1020 1131 1084 aliis
1147 1022 1290 1084 eiusdem

151 1203 152 1208 γ
226 1131 367 1192 auctoris
401 1129 597 1211 quibusdam
632 1128 875 1192 similitudinem
909 1129 1053 1210 praebet,
1078 1150 1159 1210 quas
1182 1139 1291 1192 tamen

226 1257 340 1300 omnes
374 1237 416 1299 ad
453 1235 582 1298 fabulae
618 1250 658 1316 72
697 1236 832 1298 sormam
867 1224 963 1298 ficta!
994 1257 1068 1300 esse
1090 1237 1290 1299 crediderim.

227 1343 310 1406 Dico
333 1343 457 1406 fabulas
481 1343 589 1407 Babrii
612 1345 665 1422 65,
695 1359 766 1418 101,
796 1358 866 1424 137.
896 1361 957 1423 139
980 1342 1143 1427 (editionis
1166 1342 1291 1423 Crusii),

225 1471 310 1532 quae
342 1451 429 1513 haud
453 1452 552 1513 dubie
576 1472 595 1512 a
619 1451 801 1514 rhetoribus
825 1452 867 1513 ad
892 1450 1028 1514 sormam
1054 1452 1291 1532 primigeniam,

226 1577 310 1640 quae
346 1557 474 1620 fabulae
509 1557 690 1621 Babrianae
719 1572 758 1636 72
783 1558 905 1632 subest,
931 1557 1025 1620 lictae
1048 1568 1132 1622 sunt.
1180 1557 1293 1638 Atque

114 1705 117 1712 .
227 1666 330 1746 ipsam
367 1664 509 1727 fabulam
547 1681 586 1743 72
619 1666 661 1728 ad
685 1674 861 1746 praecepta
885 1665 1049 1728 rhetorum
1074 1665 1292 1746 conscriptam

226 1772 277 1836 uel
303 1795 322 1835 a
346 1773 464 1835 Babrio
489 1782 680 1834 renouatam
704 1792 775 1834 esse
800 1773 842 1834 ad
868 1772 1126 1835 concludendum
1152 1793 1224 1834 eam
1248 1772 1292 1834 ob

227 1900 293 1942 rem
317 1900 415 1962 quarn
440 1881 583 1942 maxime
607 1878 802 1955 inclinarem,
829 1880 917 1960 quod
942 1881 1026 1942 iusto
1050 1881 1214 1960 copiosior
1232 1889 1291 1952 est,

227 1989 287 2050 nisi
310 1988 440 2050 aliunde
465 1989 614 2050 conicere
638 1986 747 2050 liceret
771 1988 803 2049 in
824 1986 951 2068 sylloge
969 1987 1124 2070 Aesopea
1140 1987 1292 2068 antiquis-

227 2097 309 2158 sima
338 2095 539 2158 narrationes
562 2095 686 2175 aliquas
710 2115 729 2156 a
753 2095 911 2156 breuitate
935 2094 1053 2156 usitata
1076 2094 1292 2168 abhorruisse,

226 2213 261 2265 ut
285 2204 426 2266 uidimus
449 2202 481 2264 in
507 2201 570 2265 lab.
595 2202 729 2264 Phaedr.
756 2202 813 2276 lV,
837 2202 859 2262 6
882 2227 925 2258 =
949 2201 1044 2264 Babr.
1072 2218 1122 2280 31.
1171 2202 1292 2283 Negari

227 2329 293 2372 non
327 2321 436 2391 potest
470 2312 502 2373 in
539 2309 601 2374 sab.
639 2310 734 2372 Babr.
772 2324 812 2388 72
850 2308 949 2372 multa
985 2310 1099 2382 inesse,
1137 2329 1220 2390 quae
1251 2310 1293 2372 de

226 2413 389 2480 rhetorum
426 2419 555 2481 dicendi
590 2419 713 2480 ratione
743 2417 897 2490 monent,
922 2426 957 2478 ut
981 2436 1062 2478 uers.
1091 2430 1123 2495 5:
1153 2413 1294 2491 »ἔσταξε

226 2523 352 2604 πέτρης
387 2525 455 2605 αἰγὶ
490 2523 666 2610 δυσβάτου
689 2522 816 2604 κρήνη»
843 2544 910 2605 quo
933 2525 974 2586 de
998 2522 1071 2586 loco
1096 2522 1295 2607 consulenda

226 2643 311 2707 sunt,
338 2653 422 2714 quae
445 2633 573 2713 scripsit
597 2632 813 2694 Hausrathius
837 2631 855 2694 l.
882 2630 900 2694 l.
926 2651 1002 2713 pag.
1029 2645 1103 2710 315.
1136 2630 1293 2694 Fabulam

227 2750 336 2802 tamen
361 2761 403 2802 ex
426 2740 498 2820 ipsa
522 2739 649 2820 sylloge
673 2739 830 2819 Aesopea
853 2739 1003 2802 haustam
1027 2759 1099 2802 esse
1123 2757 1183 2818 pro
1204 2747 1293 2800 certo

228 2847 452 2910 affirmauerim
490 2848 622 2927 eiusque
658 2847 701 2908 rei
727 2845 952 2927 argumentum
978 2847 1190 2908 certissimum
1215 2844 1293 2906 mihi

227 2955 355 3017 uidetur
381 2973 463 3030 esse,
489 2954 577 3035 quod
602 2951 781 3016 tabularum
806 2953 915 3016 Halm.
942 2969 1005 3017 200
1030 2962 1062 3014 et
1087 2946 1164 3016 200⁶
1189 2972 1293 3015 narra·

227 3063 341 3136 tiones,
377 3081 576 3143 quamquam
612 3059 709 3143 paulo
741 3060 955 3142 simpliciores
978 3070 1010 3122 et
1033 3061 1199 3122 breuiores
1223 3079 1293 3140 pro·
1363 3101 1365 3106 -

228 3168 379 3243 feruntur,
416 3179 525 3232 tamen
561 3169 593 3230 in
628 3169 675 3243 iis,
712 3189 796 3250 quae
831 3187 990 3230 summam
1017 3167 1194 3240 continent,
1220 3187 1292 3230 cum

228 3274 336 3339 sabula
360 3275 468 3337 Babrii
492 3286 683 3357 congruunt.
732 3275 896 3337 Puriorem
909 3274 1050 3338 'formam
1067 3274 1166 3336 credo
1184 3272 1292 3335 Halm.

229 3399 293 3445 200
316 3382 495 3446 exhibitam
520 3401 601 3456 esse,
617 3382 770 3463 quoniani
797 3376 874 3446 zoob
897 3382 939 3444 ad
963 3391 1190 3462 argumentum
1206 3378 1292 3456 illud,

227 3510 294 3571 quo
317 3488 504 3554 animalium
529 3509 585 3552 rex
609 3490 860 3552 constitueretur
880 3488 931 3572 (cs.
948 3488 1124 3550 Hausrath.
1142 3487 1161 3550 l.
1179 3487 1199 3549 l.
1217 3507 1292 3568 pag.

230 3600 315 3677 318),
340 3596 591 3660 accommodata
613 3617 686 3659 esse
709 3597 848 3658 uidetur.
875 3595 983 3658 Babrii
999 3594 1107 3658 fabula
1123 3595 1166 3658 ab
1183 3593 1292 3658 Halm.

230 3721 294 3768 200
328 3725 367 3768 ea
402 3704 471 3767 sola
507 3724 540 3766 re
575 3704 737 3778 abhorret,
774 3705 864 3784 quod
897 3724 956 3784 pro
982 3703 1142 3764 Mercurio
1167 3701 1294 3764 fabulae

230 3827 294 3875 200
318 3812 453 3874 Babrius
477 3812 592 3874 Iridem
618 3811 751 3874 inducit.
800 3810 861 3872 His
885 3811 981 3892 igitur
1004 3811 1110 3872 causis
1133 3808 1294 3872 adductus

228 3929 336 3983 statuo
360 3920 512 3982 Babrium
537 3921 678 3982 minutiis
702 3918 864 3982 nonnullis
883 3919 1031 3999 exceptis
1047 3917 1189 3981 fabulam
1207 3927 1294 3978 recte

229 4047 270 4090 ex
294 4026 421 4109 sylloge
445 4026 601 4110 Aesopea
624 4024 836 4090 transtulisse.
862 4017 864 4022 ’
