3244 4868
784 395 961 472 ..33-

337 608 432 669 rebus
467 617 499 670 et
533 607 627 670 factis
662 607 884 668 describendis
918 627 1016 688 quam
1052 608 1084 668 in
1118 608 1347 687 praecipiendo
1372 617 1404 668 et

337 716 400 776 risu
425 715 589 776 mouendo
613 724 767 789 uersatur,
789 715 916 795 epicam
942 713 1177 794 longitudinem
1196 715 1302 776 uitans
1319 734 1401 776 uere.

337 839 447 902 9—10
471 823 630 903 tragicum
654 820 796 883 colorem
822 822 958 903 parodia
981 823 1124 884 imitatus
1149 831 1208 884 est.
1257 821 1404 884 Havetus

337 923 417 991 scite
440 929 577 990 Phaedri
605 938 763 990 »tartareo
787 949 905 1006 specu»
933 949 1005 991 cum
1023 927 1168 991 Senecae
1184 927 1249 1009 Ag.
1269 945 1287 990 2
1309 929 1403 991 »Tar-

337 1037 397 1099 tari
432 1056 551 1117 specu»
591 1037 803 1117 comparauit.
853 1036 914 1098 His
938 1036 1034 1098 rebus
1058 1046 1241 1099 commotus
1264 1045 1405 1099 statuere

337 1143 433 1205 uelim
458 1142 601 1205 fabulam
625 1143 719 1204 huius
743 1145 923 1224 argumenti
949 1144 1137 1225 Aesopeam
1150 1155 1151 1160 ’
1164 1144 1206 1204 ad
1227 1163 1283 1206 eas
1300 1163 1403 1206 narra·

337 1252 452 1326 tiones
489 1271 570 1332 quas
605 1249 715 1312 Keller
749 1270 825 1332 pag.
864 1253 926 1329 318
962 1251 1044 1312 »Die
1067 1251 1234 1312 satirische
1257 1249 1399 1312 Fabeln»

270 1351 271 1354 ¹
337 1357 490 1439 appellat,
516 1358 794 1420 adnumerandam
821 1378 901 1420 esse.
927 1357 1057 1420 Kellero
1074 1359 1315 1420 assentiendum
1332 1377 1403 1420 esse

338 1485 456 1527 censeo
492 1465 573 1527 tales
597 1464 732 1527 fabellas
755 1485 798 1526 ex
822 1465 995 1545 generibus
1020 1466 1252 1546 antiquissimis
1276 1464 1404 1528 fabulae

338 1573 513 1653 Aesopeae
549 1571 647 1653 paulo
684 1573 862 1652 posteriore
894 1583 1041 1652 tempore
1068 1572 1201 1634 fluxisse
1224 1582 1322 1654 atque
1345 1573 1404 1635 has

337 1682 425 1761 ipsas
449 1681 651 1742 narrationes
674 1679 1064 1759 Batrachomyomachiae
1080 1681 1204 1741 auctori
1221 1701 1281 1761 pro
1297 1700 1403 1742 exem·

338 1787 482 1868 plaribus
517 1786 622 1848 fuisse.
671 1785 758 1867 Quin
792 1787 823 1848 in
847 1786 973 1868 sylloge
997 1786 1153 1866 Aesopea
1177 1785 1295 1862 fabula,
1320 1769 1404 1869 quae
1459 1819 1461 1824 ·

339 1896 380 1956 de
404 1893 490 1956 bello
514 1895 650 1955 murium
675 1904 708 1956 et
731 1877 940 1957 mustelarum
964 1904 1022 1970 est,
1048 1895 1089 1955 ad
1114 1893 1251 1956 Phaedri
1268 1895 1403 1976 propius

253 2056 255 2059 ,
338 2023 436 2083 quam
472 2002 514 2063 ad
550 2001 658 2063 Babrii
692 2003 909 2063 narrationem
945 2003 1115 2064 accesserit
1150 1997 1222 2063 eam
1254 2002 1297 2063 ob
1333 2021 1399 2064 rem

338 2110 486 2171 dubitare
520 2129 587 2170 non
622 2096 766 2189 possum,
802 2110 891 2189 quod
927 2119 959 2170 et
995 2109 1093 2170 satira
1127 2110 1197 2171 eius
1220 2110 1404 2172 mordacior

337 2227 370 2278 et
393 2216 591 2278 ornamentis
615 2215 781 2278 rhetoricis
805 2215 934 2278 liberior
956 2236 1054 2296 quam
1079 2216 1187 2278 Babrii
1210 2227 1261 2278 est
1282 2226 1401 2280 etcum

251 2351 252 2354 ¹
338 2322 446 2386 Halm.
485 2339 543 2400 291
581 2324 686 2404 magis
710 2324 868 2404 congruit.
916 2323 1081 2385 Phaedrus
1105 2333 1137 2385 et
1162 2323 1270 2385 fabula
1294 2323 1402 2387 Halm.

339 2448 397 2510 291
427 2429 585 2520 aculeum
620 2432 737 2493 satirae
772 2431 948 2510 Aesopeae
973 2432 1147 2493 retinentes
1170 2433 1275 2493 uictos
1299 2452 1319 2493 a
1341 2433 1403 2493 uie·

337 2538 461 2600 toribus
496 2538 671 2608 deuoratos
708 2557 780 2601 esse
816 2537 945 2612 faciunt,
983 2558 1083 2619 quum
1107 2538 1242 2600 llabrius
1267 2548 1403 2600 mortem

338 2646 490 2707 Hectoris
526 2646 668 2707 imitatus
704 2665 810 2707 mures
846 2645 944 2706 duces
980 2666 999 2706 a
1034 2645 1178 2708 mustelis
1204 2667 1262 2726 per
1286 2656 1403 2708 terram

337 2763 461 2814 tractos
478 2772 549 2814 esse
564 2751 711 2833 fingat,*)
759 2750 884 2814 Fabula
900 2753 988 2833 quod
1006 2753 1095 2834 apud
1112 2773 1225 2815 omnes
1242 2764 1402 2828 auctores

337 2862 391 2941 qui
426 2881 498 2922 earn
534 2861 743 2934 tradiderunt,
772 2880 893 2940 magna
915 2861 1086 2922 uerborum
1113 2862 1208 2942 copia
1233 2860 1401 2941 profertur,

336 2968 412 3029 inde
444 2966 637 3029 concludere
662 2967 757 3028 uelim
781 2968 845 3029 iam
870 2969 901 3058 in
927 2967 1016 3030 sonte
1039 2969 1263 3049 antiquissimo
1287 2987 1403 3030 cama

336 3075 495 3136 breuitate
518 3085 550 3136 et
574 3073 781 3155 simplicitate
805 3084 982 3137 ceterarum
1008 3076 1227 3138 abhoruisse.-

443 3183 480 3246 ln
512 3182 562 3244 his
586 3183 683 3262 igitur
706 3183 857 3244 omnibus
882 3180 997 3244 fabulis
1021 3183 1159 3245 Babri'us
1182 3193 1215 3244 et
1239 3183 1403 3246 Phaedrus

336 3291 498 3371 ceterique
514 3299 672 3364 auctores
697 3290 752 3369 qui
776 3310 874 3370 prosa
886 3291 1033 3352 oratione
1046 3292 1177 3352 easdem
1192 3289 1402 3371 protulerunt,

337 3399 478 3460 minutiis
513 3395 675 3459 nonnullis
706 3398 853 3477 exceptis
877 3418 974 3478 quam
998 3398 1239 3460 accuratissime
1263 3399 1346 3460 inter
1368 3417 1403 3460 se

337 3507 546 3567 consentiunt
569 3514 602 3567 et
625 3505 810 3566 concinunt.

302 3693 304 3698 Ι
444 3613 552 3674 Venio
579 3633 663 3675 nunc
687 3613 729 3673 ad
754 3610 880 3674 fabulas
904 3613 1073 3693 quasdam,
1099 3633 1181 3693 quae
1206 3633 1403 3694 quamquam

337 3731 369 3783 et
404 3740 462 3781 eae
492 3718 735 3781 similitudinem
760 3730 907 3801 apertam
931 3729 963 3781 et
987 3719 1161 3782 dilucidam
1186 3730 1218 3782 et
1242 3741 1347 3782 rerum
1372 3730 1404 3782 et

337 3827 508 3890 uerborum
545 3827 712 3906 praebent,
749 3837 869 3912 tamen
894 3829 926 3889 in
955 3829 1026 3909 ipsa
1050 3828 1200 3890 narrandi
1225 3829 1348 3890 ratione
1371 3837 1404 3889 et
1470 3814 1471 3819 ἵ

443 4003 461 4038 ³⁶
479 4009 529 4056 His
558 4009 607 4056 iam
635 4009 702 4072 typis
731 4009 857 4057 mandatis
882 4011 986 4058 inuenio
1015 4009 1132 4058 Crusium
1152 4026 1227 4074 quum
1247 4005 1334 4072 (Babr.
1354 4021 1402 4058 aet.

336 4115 394 4161 pag.
427 4108 476 4160 150
499 4098 558 4145 adn.
579 4091 605 4158 2)
623 4098 729 4145 uerbum
749 4091 837 4142 ἕλκειν
857 4099 1016 4163 interpretari
1036 4099 1122 4163 uellet,
1142 4115 1243 4148 uersum
1262 4099 1349 4146 Babrii
1370 4112 1399 4146 21

337 4203 394 4234 cum
414 4187 491 4238 Hom.
511 4187 542 4234 ΙΙ.
563 4187 659 4244 XXIV,
683 4197 712 4250 15
734 4189 931 4252 comparauisse.
