3260 4882
677 400 854 470 -,,,.

231 613 340 668 autem
365 605 535 670 Plutarcho
559 603 659 666 multa
679 624 753 667 cum
770 603 1014 668 collectionibus
1032 605 1198 688 Aesopeis
1214 623 1300 671 com·

230 713 338 774 munia
373 713 471 776 fuisse
505 731 603 793 supra
638 713 777 774 uidimus
801 723 834 775 et
857 714 1059 778 narrationes
1083 713 1242 778 Plutarchi
1267 727 1299 779 et

229 818 338 882 Babrii
373 832 405 883 et
439 822 523 884 inter
556 839 592 881 se
616 827 745 881 etcum
770 819 877 883 Halm.
909 837 966 899 103
992 831 1026 883 et
1049 832 1241 903 argumento
1266 835 1299 885 et

203 905 336 990 'uerbis
370 938 553 1010 congruunt
587 938 620 990 et
654 947 707 990 ars
742 929 893 990 narrandi
928 929 1053 991 sincera
1088 941 1121 992 et
1158 929 1298 1012 simplex

228 1032 385 1116 Aesopea
408 1055 480 1098 esse
504 1037 640 1112 uidetur,
666 1035 744 1096 milti
768 1037 914 1116 persuasi
938 1038 1186 1118 congruentiam
1211 1037 1297 1101 illam

229 1141 337 1222 potius
354 1142 434 1208 sonti
451 1121 608 1224 tlesopeo
625 1163 723 1226 quam
737 1141 983 1232 collectionibus
996 1144 1161 1207 rhetorum
1176 1145 1297 1209 deberi.

335 1249 370 1313 Si
395 1271 472 1314 uera
495 1261 581 1313 esset
596 1236 708 1314 eorum
724 1252 894 1326 sententia,
912 1252 966 1335 qui
982 1262 1128 1314 statuunt
1145 1253 1294 1316 Brancho

228 1355 318 1420 alteri
354 1378 456 1439 puero
486 1356 601 1420 librum
626 1359 775 1438 priorem,
801 1357 892 1421 alteri
916 1359 981 1422 filio
1006 1358 1188 1422 Alexandri
1212 1362 1297 1442 regis

227 1465 441 1545 posteriorem
476 1466 610 1528 missum
634 1485 715 1540 esse,
741 1467 804 1528 iam
829 1485 869 1528 ea
892 1467 964 1548 ipsa
987 1487 1021 1528 re
1044 1467 1296 1549 comprobatum

227 1581 314 1634 esset
347 1570 488 1636 fabulam
525 1587 566 1652 74
601 1573 644 1636 ad
679 1573 786 1636 Babrii
820 1572 936 1636 librum
960 1575 1098 1655 priorem
1124 1575 1294 1655 pertinere,

227 1699 325 1760 quum
361 1681 392 1742 in
428 1701 468 1742 ea
502 1681 637 1742 Babrius
673 1680 855 1742 Branchum
890 1679 1081 1763 alloquatur.
1129 1681 1196 1745 Sed
1232 1684 1296 1745 iam
1360 1713 1366 1724 ·

227 1807 326 1868 supra
338 1788 552 1850 animaduerti
565 1786 772 1850 inuerisimile
789 1807 861 1850 esse
877 1788 1059 1852 Branchum
1077 1809 1142 1852 non
1156 1792 1297 1856 eundem

228 1913 300 1958 esse
322 1905 422 1976 atque
445 1893 544 1959 filium
569 1893 751 1958 Alexandri
775 1896 870 1976 regis,
895 1915 992 1976 quam
1010 1896 1138 1958 obrem
1156 1895 1298 1980 idargu·

228 2012 372 2064 mentum
398 2023 464 2065 non
488 2003 567 2064 satis
591 2002 633 2063 ad
657 2022 723 2065 rem
741 2012 887 2066 nostram
902 2003 1182 2084 comprobandam
1200 2003 1295 2068 ualet.

228 2108 339 2191 Quum
363 2120 471 2172 autem
496 2111 528 2172 in
551 2108 634 2172 libro
660 2125 677 2171 2
702 2130 767 2172 noo
792 2120 859 2172 tam
884 2112 926 2172 ad
951 2112 1183 2174 institutionem
1207 2113 1297 2194 pueri

227 2218 410 2298 respexisse
434 2201 582 2280 uideatur
598 2237 696 2298 quam
713 2216 849 2298 gloriam
865 2237 958 2280 suam
975 2220 1105 2300 assequi
1120 2220 1294 2296 studuisse,

148 2349 153 2361 ·
228 2323 427 2404 probabilius
461 2343 533 2387 esse
569 2325 759 2387 crediderim
795 2345 869 2387 eum
906 2327 936 2387 in
961 2323 1043 2388 libro
1068 2327 1174 2407 priore
1197 2326 1295 2390 talem

227 2429 467 2506 allocutionem,
504 2452 589 2513 quae
623 2432 686 2494 hoc
721 2431 792 2494 solo
831 2431 904 2495 loco
943 2434 1090 2508 occurrit,
1126 2453 1224 2514 quam
1263 2435 1295 2496 in

228 2540 406 2620 posteriore
430 2538 611 2620 protulisse.

333 2646 380 2710 Vt
414 2645 557 2710 fabulam
592 2662 645 2728 47,
681 2648 731 2709 ita
759 2647 857 2710 etiam
893 2663 963 2727 130,
989 2667 1087 2729 quam
1111 2649 1295 2712 eandema

226 2753 448 2836 Xenophonte
483 2755 663 2818 Memorab.
701 2755 740 2830 ΙΙ,
766 2769 796 2834 7,
826 2771 862 2833 13
895 2757 1016 2817 narrari
1040 2757 1138 2818 docet
1161 2755 1295 2819 Crusius

226 2860 360 2946 (encycl.
408 2861 705 2944 Pauly-Wissowae
750 2862 789 2937 ΙΙ,
840 2879 915 2944 pag.
957 2862 1064 2946 2662).
1111 2862 1295 2928 collectioni

226 2968 403 3051 Aesopeae
427 2971 582 3052 antiquae
605 2969 766 3044 adscribo,
792 2990 988 3052 quamquam
1006 2971 1040 3032 id
1057 2972 1190 3052 quidem
1207 2970 1294 3034 nullo

226 3079 327 3140 modo
361 3079 477 3160 ignoro
511 3077 680 3142 Theonem
705 3077 887 3160 sophistam
911 3079 996 3141 hanc
1020 3079 1125 3159 ipsam
1150 3078 1292 3141 fabulam

226 3184 391 3267 discipulis
426 3185 656 3249 commendare
692 3187 906 3249 enarrandam
941 3195 974 3248 et
1005 3184 1192 3266 diligentius
1215 3197 1294 3250 trac·

224 3293 369 3369 tardam,
398 3294 485 3356 unde
508 3293 668 3357 conclusit
690 3292 823 3356 Crusius
846 3293 865 3356 l.
891 3293 910 3356 l.
935 3314 1007 3356 eam
1032 3314 1074 3356 ex
1099 3292 1293 3356 collectione

226 3399 390 3465 rhetorum
402 3402 545 3484 quadam
558 3401 707 3464 haustam
719 3421 800 3464 esse.
815 3401 867 3462 Ex
880 3403 959 3483 ipsis
972 3409 1080 3464 autent
1092 3400 1290 3482 Xenophon·

225 3509 267 3572 tis
285 3509 398 3572 uerbis
421 3510 519 3572 credo
542 3511 610 3572 erui
634 3526 732 3590 posse
751 3508 878 3571 fabulae
894 3519 1122 3590 argumentum
1139 3503 1292 3590 antiquis·

224 3617 341 3680 simum
365 3637 437 3680 esse
460 3628 493 3680 et
516 3618 579 3680 iam
606 3618 638 3679 in
661 3615 788 3699 sylloge
804 3615 961 3698 Aesopea
978 3617 1150 3680 exstitisse.
1192 3615 1291 3696 Quod

226 3725 311 3788 enim
334 3745 407 3787 eam
424 3726 547 3788 inducit
564 3724 685 3787 uerbis:
711 3723 814 3805 »quoi
829 3724 908 3803 γάρ,
926 3724 985 3786 ὅτε
1001 3722 1178 3805 φωνήεντα
1194 3721 1236 3802 ἦν
1251 3723 1294 3785 τὰ

223 3831 296 3914 ζῷα
318 3833 421 3908 κτλ»,
447 3833 511 3896 iam
532 3822 628 3915 supra
647 3833 756 3894 monui
773 3830 944 3894 uerisimile
960 3852 1032 3894 esse
1048 3829 1294 3894 collectionibus

225 3938 390 4021 Aesopeis
413 3939 490 4003 talia
513 3941 672 4022 prooemii
688 3938 755 4002 sere
771 3938 845 4002 loco
862 3940 1047 4020 praeposita
1065 3959 1146 4001 esse.
1184 3938 1291 4000 Etiam

224 4047 326 4110 uerba
346 4045 449 4130 »φασὶ
464 4047 551 4127 γάρ»
571 4049 650 4112 satis
666 4057 826 4111 testantur
842 4046 1070 4128 Xenophontis
1083 4056 1191 4108 aetate
1204 4045 1292 4108 labu—

226 4152 289 4218 lam
315 4154 412 4237 uulgo
437 4157 566 4246 narrari,
592 4167 626 4218 ut
650 4154 839 4237 plerumque
855 4165 1047 4235 argumenta
1064 4150 1291 4215 collectionum

1240 4309 1254 4361 7
