3244 4868
795 433 839 444 ..
865 411 972 476 30...

262 685 264 690 .
348 621 471 674 nerunt
501 631 640 691 magnae
673 611 768 676 nobis
803 623 876 674 sunt
907 611 1060 674 utilitatis
1108 612 1324 676 Hausrathius
1348 612 1366 674 l.
1392 612 1410 675 l.

347 739 422 799 pag.
461 732 520 796 305
559 728 645 780 recte
669 730 781 782 monet
805 717 930 782 fabulas
953 739 1018 792 eaS,
1044 739 1125 799 quas
1148 718 1278 800 collegit
1303 717 1410 783 Halm.

349 825 469 908 (1852),
507 824 593 886 nullo
629 828 728 888 modo
753 835 878 888 tanturn
904 825 1119 907 paraphrases
1142 845 1214 888 esse
1238 826 1411 890 Babriana·

346 953 425 1006 rum,
462 943 497 994 ut
532 944 606 995 ante
641 942 823 996 statuerant
841 933 916 994 'uiri
941 934 1028 995 docti
1053 933 1241 1012 (Zachariae
1265 953 1340 1015 pag.
1371 938 1410 1012 1),

346 1040 404 1101 sed
440 1060 458 1102 e
487 1041 656 1104 contrario
673 1041 751 1102 satis
775 1060 928 1121 magnam
953 1060 1063 1102 earum
1089 1051 1212 1120 partem
1237 1040 1278 1102 ad
1304 1039 1411 1104 sontes

344 1148 541 1228 antiquiores
565 1146 766 1212 referendam
790 1168 871 1210 esse.
919 1147 976 1229 Ad
999 1148 1287 1228 comparationem,
1313 1155 1409 1229 quam

343 1254 422 1326 dixi,
459 1253 690 1318 instituendam
726 1256 883 1337 synopsin
911 1275 998 1329 eam,
1036 1275 1133 1335 quam
1164 1254 1411 1319 Ruthersordius

344 1363 375 1422 in
399 1360 642 1444 prolegomenis
665 1374 752 1443 pag,
772 1351 941 1440 1004103
969 1361 1103 1443 perfecit
1125 1359 1304 1426 fabularum
1321 1381 1410 1444 grae·

344 1489 454 1532 carum
490 1481 523 1529 et
557 1468 737 1544 latinarum,
768 1489 902 1549 quarum
928 1479 1120 1550 argumenta
1144 1470 1232 1550 apud
1258 1469 1410 1532 Babrium

299 1632 304 1643 ,
344 1586 484 1651 exstant,
521 1597 573 1638 me
608 1577 639 1638 in
672 1596 765 1639 usum
789 1575 963 1640 contulisse
987 1575 1099 1638 fateor.
1147 1577 1255 1639 Etiam
1279 1576 1411 1640 Cru'sius

345 1681 388 1766 (in
414 1682 650 1764 encyclopedia
673 1683 771 1746 Wiss
797 1683 827 1746 ll
851 1703 926 1764 pag.
953 1683 1050 1766 2662)
1076 1682 1200 1746 fabulas
1217 1683 1409 1746 Babn'icum

344 1791 490 1852 Phaedro
522 1811 710 1853 communes
734 1792 908 1872 congessit.
957 1791 991 1854 Si
1016 1792 1113 1870 igitur
1136 1789 1278 1852 libellum
1302 1791 1409 1853 Babri·

342 1919 437 1960 anum
475 1909 548 1960 ¹cum
580 1897 696 1960 fabulis
719 1899 927 1960 Phaedrianis
951 1899 1257 1978 comparauerimuS,
1282 1899 1343 1960 hae
1368 1919 1409 1959 ex

342 2005 468 2085 sylloge
492 2006 625 2086 antiqua
648 2005 785 2068 haustae
809 2025 880 2067 esse
904 2006 1112 2068 uidebuntur:

454 2131 586 2192 Phaedr.
624 2131 648 2204 l,
679 2147 689 2191 1
717 2157 761 2187 z
785 2130 880 2192 Babr.
908 2133 965 2210 89;
992 2123 1126 2192 Phaedr.
1152 2131 1175 2204 Ι,
1203 2147 1219 2208 3
1245 2155 1289 2188 z
1313 2131 1406 2192 Babr.

231 2246 232 2249 ¹
343 2231 1406 2318 mmumzmmmmmzm.

341 2347 398 2424 67;
437 2345 570 2407 Phaedr.
608 2345 631 2418 Ι,
666 2346 686 2406 6
719 2368 763 2401 =
786 2345 881 2407 Babr.
909 2361 964 2421 243
991 2346 1125 2407 Phaedr.
1151 2345 1174 2417 l,
1200 2346 1220 2410 8
1243 2371 1288 2402 z
1311 2345 1406 2407 Babr.
1489 2395 1490 2398 ,

341 2471 398 2532 943
424 2453 558 2515 Phaedr.
585 2453 608 2526 l,
639 2469 674 2513 12
699 2477 743 2509 Ξ
768 2453 861 2516 Babr.
888 2469 945 2530 433
971 2453 1104 2514 Phaedr.
1131 2453 1153 2527 I,
1185 2469 1219 2531 13
1245 2477 1290 2510 z
1310 2452 1406 2514 Babr.

343 2577 399 2641 773
425 2561 560 2622 Phaedr.
587 2561 610 2634 Ι,
637 2573 676 2621 22
702 2585 746 2616 z
769 2561 864 2623 Babr.
893 2576 947 2640 273
973 2561 1156 2634 Phaedri,
1184 2577 1225 2638 24
1248 2587 1292 2618 z
1309 2560 1404 2622 Babr.

342 2671 397 2745 283
423 2668 556 2730 Phaedr.
583 2667 622 2742 ll,
650 2683 666 2728 2
691 2693 736 2724 z:
760 2669 853 2730 Babr.
882 2685 937 2744 223
963 2668 1099 2730 Phaedr.
1125 2668 1179 2740 ΙΙΙ,
1207 2683 1224 2747 7
1248 2693 1293 2726 -:.
1309 2668 1403 2730 Babr.

340 2794 397 2856 993
424 2776 557 2837 Phaedr.
583 2773 641 2848 lV,
669 2791 685 2836 2
710 2801 755 2832 z
778 2775 873 2837 Babr.
905 2791 956 2854 173
982 2775 1115 2838 I’haedr,
1139 2775 1195 2850 IV,
1216 2791 1231 2853 3
1250 2797 1294 2832 ¹z
1309 2775 1405 2837 Babr.

345 2863 1405 2964 mmmmzmmmmwwmt

340 2984 396 3066 663
422 2981 556 3052 Phaedr.
582 2989 639 3065 ΙΙΙ,
670 3007 705 3068 13
731 3017 776 3047 z
799 2991 893 3053 Babr.
926 3007 998 3067 10²3
1025 2979 1159 3052 Phaedr.
1186 2989 1276 3070 App.
1303 3003 1405 3050 21:

340 3098 433 3166 Babr.
473 3115 528 3177 29;
561 3097 695 3160 Phaedr.
722 3097 812 3179 App.
840 3115 881 3175 24
905 3123 948 3154 ιτ
972 3096 1066 3158 Babr.
1095 3113 1127 3174 33
1154 3096 1288 3158 Phaedr.
1316 3095 1405 3177 App,

342 3207 381 3267 28
406 3231 450 3262 z
473 3205 567 3266 Babr.
597 3206 667 3284 50*

451 3331 541 3412 Quas
577 3330 701 3393 fabulas
731 3333 757 3393 si
782 3329 853 3413 quis
877 3331 959 3393 inter
982 3351 1017 3391 se
1042 3331 1288 3411 comparauerit,
1314 3327 1406 3391 facile

223 3460 224 3463 ’
338 3460 531 3502 consensum
557 3460 622 3501 non
648 3439 748 3501 modo
773 3439 1003 3512 narrationum,
1026 3439 1084 3499 sed
1102 3438 1293 3519 plerumque
1309 3437 1405 3498 etiam

339 3547 574 3628 cogitationum
611 3559 642 3608 et
677 3547 850 3608 uerborum
886 3545 1037 3607 inueniet.
1086 3543 1195 3624 Quum
1223 3555 1346 3626 autem,
1372 3555 1429 3604 utx

444 3819 490 3868 *In
522 3820 632 3868 numeris
661 3818 802 3866 fabularum
822 3817 931 3866 Phaedri
951 3816 1088 3866 afferendis
1108 3816 1209 3874 librum,
1230 3832 1311 3890 quem
1325 3816 1406 3864 edidit

337 3909 476 3973 Hervieux,
497 3909 522 3956 in
543 3908 636 3956 sabulis
655 3908 790 3956 Babrianis
810 3907 919 3955 citandis
939 3906 1055 3954 ordinem
1075 3906 1196 3954 editionis
1214 3905 1405 3954 Schneidewini

336 3999 509 4046 bibliothecae
539 3998 734 4045 Teubnerianae
754 4008 854 4044 secutus
874 4013 937 4044 surn.
976 3995 1085 4043 Phaedri
1105 3995 1203 4043 fabulas
1223 4011 1278 4043 eam
1298 3996 1404 4043 obrem

336 4089 420 4152 priore
449 4088 506 4136 loco
535 4086 616 4144 attuli,
646 4086 714 4150 quod
743 4102 792 4148 quo
819 4086 908 4134 ordine
928 4085 1079 4134 a'Phaedro
1100 4085 1208 4150 scriptae
1229 4095 1293 4140 sunt,
1315 4085 1404 4132 eodem

336 4179 413 4225 hodie
433 4192 532 4242 quoque.
553 4175 703 4239 corruptelis
724 4175 864 4232 minorihus
885 4175 997 4240 exeeptis
1017 4183 1125 4224 exstant.
