3260 4882
681 347 878 423 ..163‚-

247 563 366 618 restare
405 567 437 619 et
476 555 656 620 fabularum
692 557 882 640 fragmenta,
918 580 1002 642 quae
1037 559 1144 623 Babrii
1180 561 1311 623 nomine

247 662 452 744 proferuntur
486 667 563 746 (qua
598 665 640 727 de
674 685 708 727 re
742 665 943 729 consulenda
977 676 1026 729 est
1062 667 1162 730 editio
1197 666 1311 742 Crusii‚

247 770 336 852 Lips.
381 770 485 855 1897),
525 782 557 835 et
596 783 787 856 argumenta
826 772 1006 836 fabularum
1043 794 1140 855 prosa
1164 775 1311 838 oratione

247 877 498 960 paraphrasibus
514 891 651 954 seruata,
669 901 753 962 quae
768 890 878 943 tamen
891 881 1011 957 omnia,
1026 901 1124 964 quum
1142 881 1312 969 »Βάβριον

247 983 466 1061 αὐτότατον»,
486 996 520 1048 ut
537 986 643 1049 uerbis
660 987 880 1051 Rutheriordii
894 998 973 1064 utar,
989 987 1031 1050 ad
1044 990 1310 1070 cognoscendum

247 1095 351 1174 magis
386 1114 483 1174 quam
523 1091 622 1172 »τοὺς
645 1094 921 1181 Βαβριάζοντας»
950 1096 1028 1158 mihi
1052 1097 1307 1177 proposuissem,
1380 1179 1382 1182 ι

247 1199 381 1289 aiiotum
410 1202 503 1276 curis,
528 1202 555 1264 si
579 1203 650 1283 quis
675 1203 704 1264 in
730 1202 780 1264 his
803 1204 997 1266 commorari
1021 1201 1107 1278 uelit,
1132 1201 1311 1285 relinquere

246 1309 353 1370 statui.
401 1307 556 1371 Omnium
592 1310 730 1390 primum
766 1320 877 1373 tamen
912 1330 950 1372 ea
981 1311 1130 1391 quaestio
1153 1309 1311 1374 soluenda

246 1426 305 1491 est,
330 1428 485 1496 quantum
502 1416 628 1494 horum,
647 1427 680 1480 ut
704 1437 778 1506 cum
796 1417 933 1480 Horatio
949 1416 1072 1499 loquar,
1091 1405 1310 1493 membrorum

246 1535 365 1604 poetae
400 1524 606 1586 disiectorum
643 1545 676 1587 re
701 1545 777 1588 uera
800 1523 918 1587 Babrio
944 1535 1055 1588 nostro
1078 1525 1309 1589 uindicandum

207 1633 211 1638 ’
246 1632 296 1694 sit.
344 1630 444 1714 Quod
479 1651 578 1714 quum
608 1631 727 1696 sactum
751 1633 820 1708 erit,
845 1653 941 1714 spero
966 1653 1068 1695 nouas
1091 1631 1161 1695 illas
1185 1631 1311 1696 fabulas

246 1738 425 1802 Babrianas
443 1740 491 1801 'in
526 1740 657 1802 ordines'
674 1750 725 1810 ¹et
759 1759 879 1822 genera
913 1760 952 1802 ea
975 1741 1168 1816 diuersa,‘in
1193 1741 1311 1822 quibus'

245 1845 374 1910 fabulae
412 1867 510 1928 supra
549 1857 706 1910 tractatae
745 1867 860 1939 omness
895 1848 1107 1924 continentur,
1143 1849 1213 1922 sine
1246 1846 1311 1911 ulla

246 1953 436 2018 difficultate
459 1953 607 2018 distribui
630 1975 738 2036 posse.
781 1961 809 1983 “·
