3244 4868
670 386 868 484 -55—'

227 621 296 694 108,
327 635 397 692 121,
427 635 497 697 131,
528 633 598 699 137.
647 617 749 699 Apud
774 617 954 680 Phaedrum
979 637 1089 680 earum
1107 617 1204 698 longe
1221 617 1288 704 plu·

221 745 289 802 res,
313 735 348 789 ut
371 726 555 806 exspectari
580 735 699 806 potest,
724 726 757 788 in
781 725 887 806 primo
912 723 994 787 libro
1018 724 1178 806 leguntur,
1204 744 1289 806 quae

221 835 252 897 in
288 832 522 915 posterioribus
557 843 739 908 occurrunt,
775 833 863 896 haud
898 853 970 894 raro
1006 832 1047 894 ad
1077 852 1169 895 usum
1193 851 1287 895 suurn

220 943 321 1023 ipsius
351 941 520 1016 conuertit,
546 941 691 1004 mutauit.
739 940 775 1004 Si
799 939 859 1002 has
885 956 924 1020 32
950 937 1078 1002 labulas
1102 938 1288 1021 diligentius

221 1049 493 1130 perspexerimus,
530 1048 701 1130 apparebit
724 1047 824 1129 longe
848 1048 1005 1111 maiorem
1028 1067 1138 1111 earum
1162 1058 1287 1128 partem

222 1157 327 1238 primo
350 1155 392 1218 illi
416 1157 527 1238 generi
544 1155 733 1219 Hausrathii
749 1154 930 1224 fabularum
947 1155 1176 1238 Aesopearum
1193 1155 1288 1218 ascri-

222 1264 367 1328 bendam
398 1273 471 1328 esse
505 1273 541 1328 ut
578 1281 626 1344 19,
664 1276 715 1343 25,
753 1265 805 1338 28,
845 1279 896 1343 31,
923 1265 974 1343 38,
999 1280 1053 1343 43,
1078 1263 1131 1338 66,
1158 1277 1209 1343 77,
1235 1277 1287 1343 79,

227 1387 302 1452 137;
327 1370 493 1453 aliquanto
518 1372 690 1453 pauciores
713 1371 859 1434 secundo
884 1380 918 1434 ut
944 1388 972 1451 3,
999 1387 1051 1448 22,
1077 1387 1129 1449 24,
1156 1385 1207 1450 27,
1235 1386 1286 1449 29,

225 1493 278 1559 503
303 1499 401 1544 unam
424 1479 527 1544 solam
553 1479 618 1544 fab.
648 1495 685 1560 17
710 1482 806 1544 tertio
830 1481 951 1560 generi.

329 1587 478 1650 Havetus
501 1589 532 1650 in
557 1587 701 1651 editione
725 1608 801 1670 pag.
829 1601 892 1667 254
916 1587 997 1649 scite
1020 1587 1191 1668 distinguit
1206 1587 1289 1675 inter

222 1695 384 1777 apologos
419 1705 451 1758 et
475 1695 738 1758 narratiunculas.
786 1693 963 1776 Apologos
986 1692 1140 1776 appellat,
1166 1695 1198 1756 in
1222 1694 1288 1775 qui·

223 1803 284 1866 bus
306 1803 475 1865 hominum
499 1800 573 1864 loco
597 1802 791 1864 inducuntur
814 1800 976 1877 animalia,
1001 1800 1288 1879 arboreS,similia;

223 1909 486 1985 narratiunculas
512 1911 544 1972 in
568 1910 684 1991 quibus
708 1911 770 1991 ipsi
793 1909 943 1972 homines
966 1910 999 1972 in
1022 1929 1154 1972 scenam
1172 1909 1287 1990 prode·

223 2029 289 2082 unt.
326 2018 451 2082 Eadem
476 2019 636 2099 pagina§
665 2019 724 2095 148
750 2018 918 2080 contendit
941 2017 1121 2080 Phaedrum
1145 2017 1286 2080 insonte

222 2125 380 2208 Aesopeo
415 2124 503 2188 solos
531 2123 693 2205 apologos
716 2125 887 2188 inuenisse.
936 2123 1038 2206 Quod
1061 2125 1229 2206 quomodo
1253 2143 1289 2186 se

222 2233 342 2316 habeat
365 2253 408 2296 ex
431 2233 479 2308 iis,
504 2252 588 2314 quae
603 2251 702 2314 supra
718 2234 884 2315 disputata
900 2242 985 2308 sunt,
1003 2251 1162 2313 apparere
1178 2232 1287 2296 credo.

222 2342 259 2404 Id
288 2340 420 2423 quidem
445 2360 511 2403 non
535 2340 669 2403 dubium
694 2351 744 2404 est
767 2342 844 2422 quin
868 2339 1031 2422 apologos
1055 2339 1156 2403 multo
1180 2339 1289 2421 plures

225 2469 323 2531 quam
347 2446 601 2512 narratiunculas
624 2458 657 2510 et
681 2449 818 2511 Babrius
841 2459 874 2511 et
897 2448 1061 2511 Phaedrus
1085 2448 1118 2510 iu
1135 2447 1291 2528 Aesopea

222 2555 349 2637 sylloge
372 2557 560 2630 inuenerint,
586 2556 644 2618 sed
669 2557 767 2620 etiam
791 2555 1046 2620 narratiunculas
1069 2556 1130 2617 etsi
1154 2575 1289 2618 numero

223 2684 344 2746 paucas
368 2664 412 2728 ibi
437 2663 537 2727 lectas
562 2684 633 2726 esse
656 2665 736 2726 satis
760 2664 963 2726 demonstrat
986 2663 1121 2726 Phaedr.
1147 2662 1186 2738 ΙΙ,
1210 2679 1291 2724 2=

223 2772 317 2836 Babr.
356 2788 407 2847 22,
443 2792 529 2853 quae
565 2770 673 2834 sabula
707 2792 773 2853 quo
808 2772 908 2833 modo
939 2771 981 2833 ab
1006 2769 1150 2852 apologo
1175 2790 1288 2851 parum

222 2880 386 2961 discrepet
409 2879 455 2965 (ut
478 2881 558 2944 dicit
581 2879 692 2942 Havet
715 2900 791 2962 pag.
818 2877 893 2963 255)
917 2877 1052 2962 intelligi
1076 2899 1140 2942 non
1166 2887 1285 2960 potest.

222 2986 359 3051 Ceterae
394 2987 523 3050 fabulae
547 3007 662 3050 omnes
685 3007 784 3068 supra
807 2995 966 3050 tractatae
990 2985 1207 3068 apologorum
1232 3007 1286 3048 nu·
1355 2969 1359 2977 ⁵

222 3116 312 3159 mero
336 3095 510 3158 addendae
533 3103 617 3159 sunt.

334 3202 434 3285 Quod
469 3203 511 3265 ad
547 3201 708 3277 animalia,
734 3223 819 3284 quae
843 3203 1048 3278 inducuntur,
1074 3203 1198 3276 attinet,
1223 3201 1290 3264 uul-

222 3331 282 3393 pes
305 3321 339 3374 et
361 3309 456 3391 lupus
479 3311 511 3373 in
537 3311 586 3372 his
610 3308 726 3372 sabulis
750 3311 920 3391 primarias
943 3319 1047 3392 agunt
1070 3319 1189 3390 partes,
1207 3310 1290 3371 sicut

222 3419 319 3482 etiarn
353 3419 396 3481 de
431 3416 539 3480 fabula
568 3416 728 3499 Aesopea
750 3418 980 3480 animaduertit
1004 3416 1195 3481 Schwabius
1218 3437 1290 3498 pro·

224 3527 286 3608 leg.
323 3546 399 3608 pag.
441 3542 481 3604 19
516 3534 548 3586 et
583 3535 660 3605 post
683 3545 755 3588 eum
781 3525 997 3587 Hausrathius
1021 3523 1040 3586 l.
1066 3523 1085 3586 l.
1111 3544 1186 3606 pag.
1214 3526 1287 3604 308.

224 3633 348 3716 Vulpes
371 3634 617 3698 ratiocinatione
641 3631 848 3696 callidissima
871 3653 1004 3695 coruum
1029 3651 1126 3694 caseo
1150 3630 1288 3707 fraudat,

227 3763 323 3805 uuam
359 3761 424 3803 uon
460 3742 674 3822 contingens
690 3742 762 3822 ipsa
796 3739 888 3802 facile
911 3760 947 3802 se
971 3738 1165 3814 consolatur,
1189 3739 1292 3802 leonis

223 3851 312 3931 aegri
335 3847 447 3912 dolum
472 3859 566 3912 acute
590 3849 753 3930 perspicit.
795 3848 910 3929 Lupus
927 3846 1118 3929 plerumque
1135 3867 1288 3910 unacum

223 3979 286 4020 oue
310 3967 366 4019 aut
388 3977 470 4020 cane
486 3957 708 4020 introducitur.
748 3956 799 4017 De
813 3956 927 4019 ceteris
941 3954 1133 4018 animalibus
1147 3956 1290 4018 maxime
1389 4023 1391 4026 ,

224 4065 549 4128 animaduertendum
574 4073 624 4126 est
647 4065 736 4145 quod
760 4065 792 4125 in
816 4063 934 4145 quibus
950 4063 1069 4126 sabulis
1085 4064 1175 4144 apud
1193 4063 1289 4126 Phae·

224 4173 316 4235 drum
352 4171 491 4236 mustela
527 4173 697 4247 inducitur,
734 4173 766 4233 in
795 4170 967 4268 iisllabula
992 4186 1032 4250 27
1057 4170 1127 4232 sola
1151 4183 1292 4252 excepta
