3260 4882
677 394 878 458 “¹17-

244 591 357 667 tendit,
401 591 509 654 sabula
545 591 653 655 Halm.
691 593 766 672 2671
790 594 1009 656 narrationem
1045 594 1180 674 praebet
1217 593 1311 656 nullis

243 701 437 780 synonymis
472 698 682 764 accumulatis
716 701 836 762 nudam
872 711 904 763 et
938 699 1129 781 simplicem.
1184 699 1310 764 Fabula

244 805 352 870 Halm.
391 807 454 870 266
489 827 589 888 quum
625 809 657 870 in
680 817 874 888 argumento
899 807 1095 890 proferendo
1120 807 1309 890 plerumque

244 934 317 977 curn
342 915 437 978 Babr.
464 917 503 994 85
529 943 575 970 =
598 913 706 977 Halm.
733 916 795 994 267
821 927 988 996 congruat,
1014 925 1123 978 tamen
1147 915 1248 979 multa
1265 937 1308 980 ex

244 1021 351 1086 fabula
386 1022 439 1086 illa
463 1023 629 1104 Aesopea,
654 1043 739 1103 quae
763 1003 812 1085 est
836 1023 932 1086 Babr.
957 1040 1000 1103 99
1023 1051 1068 1078 =
1092 1023 1227 1088 Phaedr.
1253 1025 1309 1098 Ill,

246 1145 274 1210 7,
299 1132 424 1194 asciuit.

351 1238 397 1300 Vt
420 1239 463 1300 ad
488 1237 629 1302 fabulam
647 1238 741 1300 Babr.
760 1252 800 1318 95
819 1240 1105 1320 transgrediamur,
1123 1240 1187 1302 iam
1206 1230 1310 1320 primo

244 1346 360 1408 obtutu
384 1356 522 1427 apparet
546 1346 698 1408 Babrium
722 1347 755 1408 in
779 1366 819 1408 ea
834 1346 1033 1410 elaboranda
1049 1357 1082 1408 et
1097 1347 1309 1410 extendenda

244 1455 422 1516 maximum
457 1452 602 1516 laborem
638 1455 796 1534 posuisse.
844 1453 877 1516 A
902 1455 1060 1535 principio
1085 1465 1311 1535 argumentum

244 1562 286 1623 ad
322 1560 487 1624 historiam
523 1562 703 1624 naturalem
732 1563 926 1642 pertinuisse
949 1582 993 1624 ex
1017 1563 1055 1624 iis
1079 1559 1188 1641 colligi
1212 1581 1310 1642 posse

243 1671 351 1743 credo,
388 1689 473 1749 quae
509 1669 551 1730 de
586 1671 656 1731 eius
690 1669 825 1731 historia
848 1668 954 1732 attulit
979 1668 1110 1732 Crusius
1133 1669 1189 1748 (de
1214 1669 1309 1732 Babr.

243 1786 306 1838 aet.
333 1796 407 1857 pag.
435 1792 498 1854 214
523 1775 607 1859 sqq.)
630 1776 722 1840 locos
745 1787 925 1851 auctorum,
951 1776 1003 1842 ubi
1022 1779 1170 1852 occurrit,
1188 1787 1311 1857 protra-

244 1883 334 1946 hens.
382 1882 486 1946 Multa
518 1894 626 1946 autem
651 1904 736 1946 noua
760 1884 802 1945 ab
826 1895 958 1946 auctore
982 1895 1174 1965 argumento
1199 1886 1313 1965 princi·

244 1990 318 2072 pali,
344 2001 378 2054 ut
401 1992 434 2053 id
458 1990 681 2072 amplificaret,
706 1993 819 2054 addita
842 2002 874 2054 et
890 1993 1039 2055 immixta
1054 2011 1127 2054 esse
1143 2012 1185 2054 ex
1202 1993 1312 2074 dispu-

243 2099 365 2163 tatione
400 2100 544 2161 eiusdem
581 2101 639 2162 uiri
673 2099 692 2161 l.
729 2098 747 2160 l.
786 2121 817 2180 p.
848 2101 905 2179 185
932 2119 1004 2181 sqq.
1029 2109 1062 2162 et
1087 2120 1118 2180 p.
1145 2100 1209 2162 216
1232 2101 1308 2162 adn.
1378 2107 1383 2118 '

243 2225 264 2285 4
299 2207 401 2269 uideri
436 2215 554 2288 potest.
602 2207 649 2270 Vt
681 2217 788 2270 autern
824 2208 866 2270 ad
890 2209 996 2288 ipsam
1022 2208 1215 2272 narrationis
1238 2228 1310 2290 pro-

243 2313 395 2377 ferendae
429 2316 587 2378 rationem
623 2335 769 2396 pergam,
806 2316 839 2377 in
874 2315 936 2378 hac
971 2313 1081 2377 sabula
1105 2316 1187 2378 sicut
1211 2317 1243 2377 in
1269 2317 1307 2394 85
1385 2362 1386 2365 ,

243 2421 353 2498 multa,
378 2443 463 2503 quae
492 2423 523 2485 in
547 2420 701 2502 διηγήσει
725 2424 832 2503 posita
848 2433 933 2498 sunt,
950 2424 992 2484 de
1007 2423 1192 2503 praeceptis
1207 2423 1312 2484 Theo-

243 2531 293 2592 nis
327 2549 425 2610 supra
459 2531 604 2592 tractatis
639 2539 784 2593 monent.
833 2530 918 2592 Nam
955 2540 987 2592 et
1010 2529 1109 2592 uerba
1133 2540 1166 2592 et
1189 2549 1311 2610 genera

244 2638 374 2700 dicendi
409 2638 525 2717 prisca,
563 2639 701 2717 po'e'tica,
737 2639 861 2700 nouitia
896 2640 927 2700 in
963 2638 1024 2699 hac
1049 2636 1158 2700 sabula
1181 2657 1313 2719 compo-

243 2750 353 2807 nenda
387 2742 488 2808 multa
522 2756 554 2807 et
589 2746 678 2808 uaria
712 2745 869 2820 adhibuit,
907 2766 1043 2826 quorum
1080 2744 1237 2809 nonnulla
1260 2746 1312 2808 hic

244 2851 427 2914 afferantur.
475 2852 617 2914 Priscum
652 2853 739 2914 haud
776 2853 873 2915 dubie
908 2853 1070 2934 estquod
1095 2854 1127 2916 in
1151 2874 1245 2916 uersu
1273 2867 1313 2934 59

244 2980 358 3022 uocem
376 2960 587 3022 Homericam
607 2959 723 3042 »ppifiu
744 2962 884 3037 admisit,
903 2963 944 3024 de
961 2982 1025 3042 qua
1041 2960 1176 3024 consule
1192 2961 1312 3024 Zacha-

203 3053 205 3058 ¹
244 3068 309 3134 riae
332 3066 385 3152 (de
409 3068 551 3130 dictione
574 3067 682 3131 Babrii
706 3090 737 3149 p.
767 3075 828 3146 14).
862 3070 933 3132 'Ad
958 3071 1088 3150 po'etica
1112 3070 1314 3133 numeranda

243 3195 315 3239 esse
350 3196 468 3238 censeo
503 3176 614 3237 omnia
649 3196 697 3250 ea,
734 3197 818 3257 quae
841 3177 978 3239 Babrius
1003 3177 1160 3240 rationem
1184 3178 1313 3240 dicendi

244 3293 388 3346 ueterum
416 3290 584 3364 poetarum
609 3267 795 3346 imitausin
820 3285 984 3365 poematia
1008 3305 1067 3347 sua
1090 3285 1232 3348 inseruit.
1266 3285 1313 3348 Vt

244 3409 263 3452 a
279 3391 385 3471 poetis
401 3391 532 3471 tragicis
547 3391 711 3471 incipiam,
729 3392 814 3466 inde,
833 3401 867 3454 ut
883 3393 1003 3455 docent
1014 3391 1129 3468 lexica,
1144 3403 1311 3474 sumptum

244 3506 293 3560 est
310 3517 392 3560 uers
404 3513 431 3576 ,9
447 3497 641 3560 adiectiuum
663 3497 946 3580 »μελίγλωσσος».
968 3499 1180 3585 »βυσσόθεη
1201 3501 1312 3563 aduer-

243 3605 333 3668 bium
371 3625 451 3668 uers.
488 3621 531 3684 49
566 3605 686 3669 Babrio
721 3626 794 3668 cum
819 3605 984 3687 Sophocle
1008 3606 1099 3691 (Ant.
1128 3607 1202 3693 596)
1226 3628 1311 3671 com-

243 3733 339 3774 mune
363 3733 435 3776 esse
458 3712 567 3776 Keller
591 3734 666 3795 pag.
688 3731 755 3792 402
773 3714 916 3776 ostendit
933 3723 965 3776 et
981 3735 1095 3778 uocem
1116 3714 1307 3798 »στύγημω

244 3841 325 3884 uers.
351 3821 393 3884 62
418 3821 571 3884 Babrium
596 3841 638 3884 ex
663 3823 819 3903 Euripide
842 3821 910 3904 (Or.
936 3824 1014 3903 480)
1039 3825 1193 3904 petiuisse
1215 3844 1314 3904 posse

243 3929 418 3992 Zachariae
451 3927 470 3991 l.
506 3928 526 3992 l.
552 3949 583 4009 p.
612 3942 626 4008 5
653 3931 807 3993 monuit·
835 3930 928 3993 Vers.
956 3946 996 4010 37
1024 3929 1171 4010 »ποιητοὶ
1194 3929 1309 4010 λόγοι»

244 4035 419 4098 Zachariae
443 4056 475 4117 p.
501 4054 521 4114 4
546 4047 642 4112 recte,
668 4039 774 4114 cred0,
799 4039 843 4100 ad
867 4039 957 4102 Pind.
983 4039 1077 4102 Nem.
1106 4053 1133 4118 5,
1160 4056 1201 4118 29
1219 4049 1314 4101 rettu-

243 4144 287 4208 lit.
337 4143 440 4206 Multa
475 4143 720 4226 Aristophanea
755 4146 785 4206 in
810 4146 872 4209 hac
898 4146 1008 4210 sabula
1031 4147 1165 4210 inueniri
1189 4168 1231 4210 ex
1258 4146 1314 4210 lib-
