3244 4868
676 405 852 468 „23-

227 600 344 660 monia.
393 599 459 663 Sed
485 603 594 664 nescio
618 625 660 666 an
684 605 716 664 id
741 605 847 683 ipsum
872 605 913 666 ad
936 605 1163 668 condicionem
1181 607 1293 670 collec-

214 707 349 768 tionum
375 706 601 789 Aesopearunr
626 712 830 791 antiquarum
852 711 1073 774 illustrandam
1091 712 1292 794 aliquantum

228 812 344 876 ualeat.
392 816 476 878 Nam
513 828 545 878 et
580 831 621 879 ex
657 819 732 899 ipsa,
763 829 877 897 natura
906 831 1171 899 argumentorum
1195 833 1292 883 etex

227 922 355 1002 scriptis
390 935 557 986 auctorum
593 928 800 1006 antiquorum
837 928 903 988 erui
928 940 1036 1007 potest
1061 930 1189 990 tertium
1215 929 1290 991 illud

225 1047 329 1108 genus
353 1032 383 1092 in
408 1031 653 1094 collectionibus
677 1033 840 1114 Aesopeis
861 1036 1011 1096 aceteris
1028 1035 1171 1116 quodam
1190 1038 1289 1098 modo

225 1138 404 1199 seiunctum
430 1139 603 1202 exstitisse.

338 1245 553 1308 Hausrathius
578 1248 672 1310 nobis
696 1259 874 1310 auctorest
891 1247 967 1310 talia
983 1261 1174 1329 argumenta
1190 1271 1231 1311 ex
1249 1251 1291 1312 hi-

224 1353 324 1413 storia
348 1351 481 1414 naturali
507 1355 607 1434 petita
631 1373 731 1434 saepe
754 1375 828 1416 cum
853 1356 1141 1436 apophthegmatis
1157 1366 1190 1417 et
1203 1377 1292 1436 para-

225 1457 323 1520 doxis
346 1479 443 1540 quam
469 1462 619 1540 proxime
642 1462 825 1524 cohaerere.
867 1461 1029 1542 Quoniam
1047 1474 1156 1524 autem
1174 1462 1292 1526 Suidas

225 1567 328 1646 (quod
352 1567 384 1628 in
409 1570 686 1630 commentatione
710 1569 897 1630 Hausrathii
923 1589 997 1650 pag.
1018 1587 1081 1648 309
1095 1571 1215 1649 inueni)
1229 1571 1292 1632 Ae-

224 1693 341 1753 sopum
386 1673 547 1754 »supeant
568 1683 571 1694 ¹
589 1673 702 1755 λόγων
735 1675 792 1738 καὶ
828 1677 1082 1758 ἀποκριμάτων»
1125 1689 1222 1740 uocat
1259 1689 1292 1740 et

224 1779 464 1861 Aristophanes
487 1782 600 1864 (Vesp.
622 1783 697 1862 566)
713 1804 732 1844 a
749 1784 870 1862 mythis
887 1783 1014 1864 Aesopi
1035 1786 1190 1862 »γελοίω
1211 1786 1290 1847 eius-

224 1888 298 1948 dem
334 1890 475 1956 auctoris
498 1890 542 1951 ita
566 1891 744 1971 distinguit,
770 1901 805 1952 ut
829 1892 1000 1953 discrimen
1026 1903 1173 1972 apertum
1198 1894 1291 1953 inter·

224 1993 322 2056 luisse
345 2006 378 2057 et
401 1996 534 2076 mythos
558 1998 589 2058 in
614 1999 729 2078 priore,
758 1999 914 2076 »γελοίω
942 1997 991 2060 uel
1010 1998 1292 2079 apophthegmata

224 2103 256 2164 in
291 2103 470 2182 posteriore
502 2105 611 2184 operis
635 2115 726 2184 parte
751 2104 833 2167 lecta
857 2125 929 2166 esse
952 2116 1120 2186 appareat,
1147 2125 1212 2167 non
1236 2107 1290 2167 du·

224 2209 292 2270 bito
327 2221 469 2272 statuere
504 2210 638 2273 Suidam
681 2231 763 2273 uoce
800 2211 1052 2294 »dnoxpipottui
1092 2212 1177 2274 idern
1202 2214 1290 2293 quod

224 2315 479 2396 Aristophanem
516 2317 643 2398 Aesopi
680 2317 863 2398 »γελοίοιῳ
898 2318 1095 2382 intellexisse
1119 2321 1137 2381 i.
1163 2340 1190 2381 e.
1216 2319 1291 2382 alte-

224 2443 291 2485 ram
327 2423 467 2506 aliquam
504 2436 628 2506 partem
659 2426 886 2506 Aesopearum
911 2426 1150 2489 collectionum.
1199 2427 1291 2490 Haec

223 2533 319 2611 igitur
343 2533 521 2612 paradoxa,
539 2553 675 2613 quorum
693 2553 861 2623 numerum
879 2553 973 2596 cursu
992 2545 1175 2614 temporum
1193 2553 1289 2615 quarn

224 2640 366 2701 maxime
405 2640 586 2702 accreuisse
624 2642 736 2702 statuit
774 2640 1000 2714 Hausrathius‚
1040 2653 1072 2702 et
1107 2640 1291 2704 historiolas

223 2744 293 2808 illas
324 2745 487 2808 naturales
521 2748 580 2808 etsi
608 2748 729 2810 nonin
753 2749 914 2823 omnibus,
939 2759 1048 2810 tamen
1072 2749 1103 2809 in
1130 2747 1291 2829 plerisque

227 2852 474 2915 collectionibus
497 2856 588 2934 quasi
613 2853 747 2916 alteram
773 2867 898 2936 partem
923 2857 1032 2936 operis
1056 2856 1201 2936 Aesopei
1219 2855 1291 2916 else-

226 2961 309 3021 cisse
347 2961 390 3022 ad
426 2961 624 3024 credendum
662 2960 793 3024 inclinat
828 2964 963 3024 animus.
1012 2964 1048 3024 ln
1085 2963 1290 3042 prooemiol

225 3066 361 3130 Babrius
402 3078 512 3130 tamen
548 3069 687 3149 priorem
724 3068 826 3130 solam
859 3081 994 3149 partem,
1019 3089 1117 3151 quarn
1146 3069 1291 3149 »Aesopi

224 3174 346 3254 mythis
384 3176 571 3256 inscriptam
596 3195 668 3238 esse
692 3175 862 3240 uerisimile
886 3188 945 3250 est,
971 3178 1125 3257 respexit,
1153 3196 1211 3238 nec
1236 3177 1291 3236 mi·
1373 3163 1374 3167 ¹

224 3301 306 3356 rum,
331 3303 429 3362 quum
454 3293 646 3363 argumenta
670 3278 781 3345 altera
796 3295 887 3363 parte
912 3295 1043 3364 recepta
1066 3283 1188 3346 leuiora
1205 3284 1290 3344 uide·

223 3400 339 3450 rentur.
389 3389 620 3452 Verumtamen
656 3402 688 3453 et
720 3391 870 3454 Babrium
895 3404 928 3454 et
952 3391 1132 3454 Phaedrum
1157 3389 1290 3454 alteram

223 3493 307 3556 illam
333 3507 459 3576 partem
483 3499 628 3578 corporis
652 3497 799 3578 Aesopei
823 3500 854 3560 in
873 3519 964 3560 usum
982 3519 1074 3560 suum
1092 3500 1291 3560 conuertisse

222 3623 264 3664 ex
288 3623 327 3664 eo
352 3602 530 3684 intelligere
554 3604 636 3678 licet,
662 3607 751 3686 quod
777 3605 902 3668 subulas
919 3591 1096 3668 ¹nonnullas
1114 3605 1289 3686 proferunt,

222 3730 307 3790 quae
343 3710 430 3772 haud
461 3711 558 3773 dubie
583 3713 678 3775 tertio
703 3711 745 3774 illi
770 3713 958 3774 Hausrathii
982 3715 1093 3794 generi
1117 3713 1290 3774 addendae

222 3826 306 3879 sunt.
355 3818 400 3879 Vt
427 3819 688 3881 demonstremus
712 3840 795 3900 quas
820 3820 944 3882 fabulas
968 3820 1075 3882 Babrii
1100 3819 1181 3882 liber
1205 3821 1292 3899 prior

222 3925 394 4006 amplexus
426 3927 476 4000 sit,
513 3927 593 3988 haec
624 3928 665 3988 de
689 3928 862 4006 generibus
886 3927 1014 3989 fabulae
1038 3925 1214 4006 Aesopeae
1238 3947 1291 3987 an·

222 4032 422 4112 tiquissimae
457 4034 631 4096 obseruata
659 4034 847 4096 Hausrathii
875 4029 1097 4097 adiumentum
1126 4033 1221 4095 nobis
1248 4033 1290 4095 al·

223 4137 327 4205 semnt
357 4140 443 4206 haud
468 4141 753 4208 contemnendum.
802 4142 903 4219 Haec,
929 4151 963 4203 ut
988 4142 1031 4205 ita
1055 4142 1171 4218 dicam,
1197 4141 1291 4222 signa
