3260 4882
767 381 940 466 „pst

321 599 493 664 nraduertit
530 603 660 664 Crusius
684 605 727 682 (in
754 601 1010 683 encyclopaedia
1035 603 1216 665 Wissowae
1242 601 1281 677 11,
1308 620 1382 684 pag.

322 707 427 792 2664),
464 721 496 772 et
531 712 573 771 de
598 710 691 771 Babr.
720 725 770 787 39,
796 729 879 790 quae
904 711 1020 772 eodem
1045 721 1177 772 auctore
1202 713 1232 772 in
1256 710 1383 773 Aeliani

320 828 384 880 nat.
409 837 460 879 an.
486 817 527 891 V,
552 819 594 894 48
620 819 760 892 recurrit,
785 817 848 879 dici
873 829 1018 898 possunt.

427 923 582 986 Fabulam
620 923 714 986 Babr.
756 941 811 985 111
844 926 886 986 ab
911 923 1050 987 Aeliano
1075 935 1139 988 nat.
1166 943 1217 988 an.
1243 925 1315 1000 Vll,
1341 944 1382 1003 42

232 1025 233 1030 ’
319 1044 350 1094 et
386 1031 556 1094 Plutarcho
591 1029 660 1094 soll.
699 1051 749 1093 an.
788 1033 825 1093 16
850 1025 925 1113 pag.
951 1048 1010 1115 971
1041 1034 1159 1096 narrari
1186 1034 1215 1094 in
1241 1034 1383 1097 editione

320 1140 421 1202 Crusii
447 1159 521 1221 pag.
553 1155 609 1202 101
636 1149 783 1202 notatum
809 1152 867 1202 est.
909 1138 1007 1222 Quod
1032 1143 1120 1220 apud
1145 1140 1296 1204 Babrium
1314 1143 1384 1223 ipse

319 1259 488 1321 mercator,
514 1248 567 1328 qui
592 1248 716 1308 asinum
739 1249 816 1328 agit,
834 1248 922 1328 apud
939 1247 1111 1310 Aelianum
1130 1258 1162 1309 et
1180 1246 1382 1311 Plutarchum

320 1356 440 1416 Thales
464 1353 608 1418 Milesius
631 1353 799 1416 consilium
826 1353 986 1429 callidum,
1014 1376 1079 1437 quo
1103 1353 1237 1418 asellum
1254 1354 1383 1418 ulcisce-

320 1473 413 1535 retur,
451 1463 580 1536 inuenit,
606 1463 827 1524 animaduerti
845 1457 961 1542 'potest
985 1462 1155 1526 Thaletem
1180 1483 1199 1524 a
1223 1465 1382 1544 scriptori·

318 1571 378 1631 bus
413 1569 566 1632 historiae
601 1569 756 1632 naturalis
790 1581 823 1632 et
860 1570 1102 1649 paradoxorum
1138 1573 1269 1651 saepius
1294 1589 1382 1651 prae·

318 1687 414 1757 cepta
438 1676 655 1756 proferentem
680 1677 850 1738 introduci.
891 1676 937 1739 Vt
962 1676 1150 1740 Plutarchus
1173 1680 1204 1739 in
1229 1680 1382 1742 conuiuio

318 1783 450 1866 Septem
476 1784 677 1865 Sapientiam
703 1784 774 1858 Vll,
806 1802 866 1862 149
890 1784 943 1858 (cf.
968 1769 1196 1860 Burmannum‚
1213 1807 1287 1868 pag.
1311 1787 1382 1868 158)

317 1891 487 1953 Thaletem
527 1912 566 1954 ea
601 1893 673 1973 ipsa
708 1904 894 1954 monentem
931 1893 1062 1967 inducit,
1099 1913 1183 1974 quae
1220 1894 1382 1957 Phaedrus

317 2001 370 2074 ΙΙΙ,
409 2017 425 2078 3
463 1999 600 2080 Aesopo
627 1999 754 2062 tribuit.
804 2000 899 2060 Vnde
924 2001 1034 2062 nescio
1058 2021 1099 2062 an
1123 2000 1379 2064 concludendum

316 2109 356 2170 sit
389 2106 471 2169 tales
494 2109 694 2170 narrationes
718 2127 815 2187 quum
841 2109 872 2168 in
900 2108 1027 2188 scriptis
1052 2108 1205 2170 naturalis
1229 2110 1382 2172 historiae

316 2227 348 2276 et
381 2211 623 2294 paradoxorurn
658 2215 744 2276 haud
782 2234 854 2275 raro
889 2225 944 2276 aut
979 2213 1108 2277 Thaleti
1132 2227 1187 2278 aut
1211 2216 1282 2278 aliis
1304 2218 1381 2278 uiris

316 2322 512 2384 clarissimis·
535 2322 758 2397 tribuerentur,
796 2332 912 2402 postea
946 2324 978 2384 in
1002 2321 1164 2404 sylloganr
1191 2324 1379 2404 Aesopeam

316 2440 469 2512 acceptas
504 2442 558 2492 aut
594 2430 742 2510 Aesopo.
778 2431 805 2491 si
830 2430 958 2492 fabulae
981 2429 1029 2514 (ut
1052 2441 1121 2492 erat
1145 2432 1177 2492 in
1201 2430 1380 2512 exemplari

315 2537 462 2621 Phaedri)
486 2539 527 2600 ad
553 2539 651 2599 uitam
677 2537 803 2618 Aesopi
827 2539 969 2601 directae
989 2538 1245 2620 proferebantur,
1263 2541 1379 2620 ascrip-

229 2668 231 2672 ·
315 2658 364 2708 tas
388 2663 460 2708 esse
484 2656 538 2707 aut
563 2632 649 2706 nullo
674 2639 816 2707 auctoris
839 2648 970 2708 nornine
990 2647 1144 2726 apposito
1160 2650 1208 2726 (ut
1224 2647 1255 2708 in
1272 2665 1379 2708 exem·

315 2752 394 2834 plari
419 2755 526 2815 Babrii
551 2752 649 2815 suisse
672 2755 822 2833 apparet)
846 2773 917 2814 esse
941 2752 1093 2834 prolatas
1135 2751 1285 2815 Ceterum
1303 2751 1380 2815 talia

314 2872 505 2942 argumenta
540 2861 719 2922 editoribus
754 2859 905 2922 librorum
943 2861 1172 2942 Aesopeorum
1204 2881 1268 2924 non
1293 2861 1380 2923 sarna

314 2971 414 3031 inodo
449 2969 581 3048 cognita
615 2968 721 3042 luisse,
758 2971 815 3030 sed
850 2989 882 3030 re
917 2987 993 3030 uera
1022 2970 1212 3050 saepissime
1235 2989 1276 3030 ex
1301 2969 1380 3049 ipsis

315 3075 560 3138 collectionibus
584 3075 738 3138 naturalis
762 3077 914 3138 historiae
938 3087 970 3138 et
996 3077 1236 3157 paradoxorum
1261 3077 1292 3138 in
1317 3075 1378 3156 syl·

314 3184 406 3265 logas
441 3182 615 3264 Aesopeos
650 3185 730 3246 satis
762 3185 802 3245 ad
839 3184 937 3245 uerba
972 3185 1014 3245 ab
1050 3186 1088 3246 iis
1123 3181 1278 3246 translata
1307 3203 1382 3245 esse

313 3293 528 3373 comprobare
564 3293 712 3353 uidentur
749 3291 876 3354 Aeliani
912 3303 976 3354 nat.
1012 3313 1062 3354 an.
1100 3291 1171 3365 Vll,
1206 3309 1263 3370 42:
1304 3289 1380 3354 »διὰ

312 3401 465 3480 ποταμοῦ
499 3397 557 3461 ἰὼν
590 3399 729 3481 ἡμίονος
752 3399 840 3460 κατὰ
864 3398 964 3478 τύχην
987 3397 1176 3461 norithone
1199 3399 1256 3460 καὶ
1272 3417 1379 3479 uepre-

312 3507 431 3585 τράπη.
474 3506 743 3592 βραχέντεςοΰν
766 3506 797 3567 οἱ
823 3507 905 3583 ἅλες
920 3505 1157 3584 κατετάκησαν
1173 3505 1230 3568 καὶ
1246 3507 1379 3587 κοῦφος

315 3615 334 3674 r‘i
370 3611 474 3693 ὀρεὺς
497 3614 683 3697 γενόμενος
715 3614 835 3692 ἥσθη.»
863 3639 906 3670 z
930 3614 1024 3675 Babr.
1056 3631 1125 3689 ιιι,
1154 3628 1186 3693 5;
1215 3611 1380 3676 lebitones»

313 3724 405 3783 ἄκων
444 3723 493 3799 εἷς
532 3742 560 3784 τι
600 3722 740 3800 ῥεῖθρον
775 3720 945 3802 ἐξαίφνης,
971 3720 1028 3782 καὶ
1057 3719 1290 3783 συντακέντων
1313 3722 1378 3782 τῶν

312 3831 404 3891 ἁλῶν
433 3829 662 3910 ἐλαφρύνθη».
712 3831 762 3890 De
786 3839 978 3909 argumento
1003 3829 1096 3891 liabr.
1123 3828 1186 3891 lab.
1218 3830 1276 3889 118
1302 3827 1376 3890 Cru-

311 3940 376 3999 sins
412 3940 443 4000 in
479 3931 736 4018 encyclopaedia
768 3937 949 3998 lVissowae
973 3937 1012 4011 ΙΙ,
1039 3937 1124 4014 2664
1149 3937 1376 3998 animaduertit

312 4041 420 4108 etiam*
456 4046 666 4127 Antipatrum
715 4042 883 4105 Sidonium
928 4043 1041 4120 (Anth.
1084 4044 1146 4106 Pal.
1188 4045 1260 4117 Vll,
1302 4041 1377 4125 210)

311 4156 395 4216 idem
421 4155 543 4215 all‘erre.
