3260 4882
776 411 973 473 „134-

335 621 444 692 potest
479 613 556 692 quin
590 611 653 674 fine
676 608 790 672 saltem
816 610 947 673 fabulae
968 610 1142 690 prouerbio
1166 607 1207 670 illi
1233 607 1403 670 alludatur.

337 717 481 781 Fabulae
504 728 619 792 autem¹
637 719 770 781 historia
794 717 883 780 nullo
908 719 1007 780 modo
1020 728 1085 778 tam
1104 718 1286 797 perspicua,
1305 737 1401 797 quam

335 828 518 907 suspicatur
553 825 810 900 Rutherfordius,
847 826 974 887 uidetur
1008 844 1088 886 esse.
1137 824 1171 886 Si
1197 833 1282 886 recte
1307 824 1406 885 uerba

336 936 394 996 uiti
411 935 499 995 docti
517 934 654 994 obseura
672 932 825 1008 intellexi,
844 933 956 994 statuit
974 930 1162 1012 aequalibus
1176 931 1408 1011 Aristophanis

335 1041 490 1104 fabellam
516 1050 742 1120 argumentum
767 1041 928 1102 Babriano
945 1039 1047 1102 simile
1065 1039 1280 1120 proferentem
1299 1040 1407 1118 cogni·

335 1161 404 1212 tam
442 1168 523 1223 esse,
561 1168 626 1210 non
662 1169 733 1210 eam
768 1157 885 1222 autem,
911 1149 969 1210 sed
994 1147 1199 1228 prouerbium
1225 1168 1266 1209 ex
1292 1145 1408 1210 labella

338 1256 390 1321 illa
427 1267 532 1318 ortum
568 1266 733 1318 auctorem
771 1255 897 1318 fabulae
926 1256 1106 1316 Babrianae
1130 1265 1166 1316 ut
1190 1256 1406 1318 narrationem

337 1385 430 1427 suam
455 1363 609 1426 scriberet
633 1365 860 1426 commouisse.
909 1363 988 1424 Mihi
1007 1363 1147 1444 'quidem
1170 1373 1284 1424 auctor·
1300 1362 1407 1424 Babrii

318 1519 320 1522 -
338 1481 371 1534 et
397 1470 538 1533 fabulam
564 1471 728 1552 quandam
754 1472 922 1552 antiquam
939 1480 971 1531 et
988 1471 1195 1549 prouerbium
1213 1471 1408 1550 cognouisse

337 1590 370 1642 et
407 1579 590 1640 narratione
617 1599 702 1640 noua
727 1580 809 1640 inter
832 1599 867 1640 se
892 1579 1100 1639 coniunxisse
1124 1577 1258 1640 uidetur.
1308 1578 1408 1638 Miror

337 1688 424 1748 uiros
447 1687 565 1748 doctos
588 1707 654 1747 non
680 1687 799 1748 uidisse
824 1684 965 1747 fabulam
990 1685 1126 1746 Phaedri
1145 1685 1185 1759 V,
1206 1701 1243 1746 10
1260 1685 1408 1764 (Havet.)

338 1796 379 1856 ad
414 1793 551 1857 similem
587 1792 653 1855 fere
687 1795 844 1874 originem
881 1804 978 1873 atque
1015 1793 1209 1854 Babrianam
1236 1793 1405 1872 pertinere.

339 1901 432 1982 Quae
458 1922 507 1964 res
531 1922 571 1962 eo
596 1903 712 1963 certior
736 1901 863 1962 uidetur
887 1921 967 1975 esse,
994 1900 1082 1980 quod
1106 1901 1203 1960 uideo
1229 1898 1404 1960 Romulum

338 2019 369 2070 et
403 2008 604 2070 Ademarum
629 2007 680 2092 (cf.
706 2010 755 2069 ed.
784 2008 915 2088 Haveti)
941 2029 1001 2088 pro
1025 2029 1082 2068 sue
1108 2006 1235 2068 rabulae
1259 2007 1406 2069 Phaedri·

338 2135 421 2177 anae
459 2135 622 2196 graecum,
663 2126 696 2176 ut
733 2101 859 2195 opinor,
896 2114 1063 2195 exemplar
1097 2123 1226 2190 secutos
1262 2115 1405 2194 leporem

337 2218 514 2285 induxisse.
563 2223 677 2303 Neque
705 2223 784 2284 satis
807 2223 875 2284 scio
900 2242 941 2283 an
966 2224 1036 2302 ipse
1062 2222 1226 2283 Phaedrus
1251 2223 1297 2295 iis,
1324 2243 1407 2302 quae

337 2351 420 2392 uers.
463 2342 477 2409 5
519 2330 656 2409 scripsit,
698 2330 887 2391 indicauerit
926 2349 961 2390 se
999 2337 1173 2408 personam
1210 2327 1328 2408 leporis
1365 2330 1407 2389 ab

306 2447 307 2452 ’
337 2447 468 2499 auctore
504 2457 623 2518 graeco
652 2437 816 2498 inductam
841 2439 872 2498 in
898 2437 964 2498 suis
988 2437 1094 2498 minus
1119 2446 1194 2515 apte
1219 2437 1404 2498 mutauisse.

338 2544 438 2624 Quod
464 2545 549 2605 enim
575 2551 674 2624 po'eta
696 2563 848 2605 romanus
874 2564 988 2606 canem
1006 2563 1101 2605 aures
1117 2543 1183 2604 suis
1201 2544 1406 2623 arripientem

338 2651 416 2713 facit
450 2661 483 2712 et
518 2650 677 2712 Romulus
707 2651 760 2732 (cs.
786 2651 919 2729 Havet.)
943 2650 1082 2712 auritum
1106 2648 1249 2730 leporem
1275 2650 1405 2723 inducit,

338 2758 435 2819 uideo
472 2757 647 2819 Aelianum
682 2767 747 2820 nat.
785 2777 835 2819 an.
873 2757 959 2832 XIII,
990 2776 1027 2836 14
1051 2758 1218 2838 scripsisse
1243 2755 1407 2838 leporibus

338 2866 369 2926 in
395 2864 526 2926 auribus
550 2866 728 2928 maximum
754 2866 950 2946 praesidium
974 2886 1055 2938 esse,
1081 2887 1147 2946 quo
1172 2875 1203 2925 et
1227 2873 1263 2926 ut
1278 2884 1406 2928 cursum

337 2969 562 3046 accelerarent,
600 2973 644 3033 uti
680 2983 815 3052 possent
851 2981 883 3032 et
918 2982 952 3032 ut
987 2973 1116 3034 auribus
1152 2974 1243 3033 iuxta
1278 2982 1405 3052 tergum

337 3077 548 3140 deflectendis
583 3081 738 3160 impetum
769 3079 911 3141 hostium
937 3080 1083 3140 uitarent.
1133 3077 1231 3160 Quod
1255 3080 1351 3160 igitur
1375 3080 1406 3140 in

338 3184 446 3247 sabula
481 3185 617 3248 Phaedri
653 3188 742 3248 canis
781 3188 955 3267 »praedam
992 3186 1143 3260 dimisit»,
1180 3187 1212 3247 id
1249 3188 1279 3248 in
1315 3185 1405 3248 sonte

338 3312 457 3378 graeco
493 3314 558 3354 non
595 3305 728 3375 propter
760 3294 876 3356 dentes
900 3295 989 3356 canis
1013 3294 1166 3368 cariosos
1191 3295 1250 3356 sed
1274 3305 1408 3375 propter

312 3403 431 3461 'aures
467 3399 586 3480 leporis
621 3403 666 3463 in'
688 3413 815 3482 tergum
851 3401 997 3463 deflexas
1033 3400 1151 3462 lactum
1187 3421 1260 3464 esse
1295 3403 1402 3464 credo.

339 3506 411 3568 Hac
449 3517 556 3568 autem
593 3509 634 3570 de
670 3510 817 3589 personis
852 3510 934 3570 inter
970 3508 1121 3570 Babrium
1158 3519 1190 3569 et
1226 3508 1405 3570 Phaedrum

338 3614 554 3695 diScrepantia
589 3615 717 3678 sublata
752 3626 783 3678 et
819 3615 882 3678 fine
917 3615 1045 3678 fabulae
1069 3615 1259 3690 Babrianae,
1285 3617 1339 3697 qui
1363 3617 1404 3676 ad

337 3721 545 3801 prouerbium
570 3724 699 3785 relictus
723 3734 782 3797 est,
808 3724 1035 3804 praetermisso
1060 3721 1180 3785 nullum
1204 3723 1289 3784 aliud
1307 3734 1406 3786 restat

337 3828 520 3904 discrimen,
561 3851 660 3912 quam
706 3832 794 3911 quod
834 3829 998 3892 Phaedrus
1033 3841 1232 3905 uenatorem,
1270 3831 1404 3893 Babrius

338 3937 518 4016 caprarium
544 3939 677 4013 inducit,
703 3938 753 3998 cui
778 3939 822 4000 rei
846 3948 955 4000 tamen
980 3937 1057 4000 nihil
1083 3938 1287 4000 tribuendum
1312 3949 1369 4000 est.

318 4027 319 4031 Ἰ
444 4043 601 4107 Fabulam
640 4040 681 4124 76
716 4046 758 4106 ad
784 4045 989 4125 prouerbium
1015 4044 1150 4106 Zenobii
1174 4046 1212 4120 II,
1240 4063 1290 4124 33,
1316 4047 1404 4127 quod

337 4151 434 4218 etiam
470 4152 500 4218 in
537 4151 628 4231 libro,
662 4153 716 4240 qui
752 4163 800 4221 est
824 4153 866 4213 de
890 4153 1070 4240 prouerbiis
1095 4151 1401 4234 Alexandrinorum,
