3260 4882
654 410 854 478 ...427-

221 605 291 707 rint.
339 611 451 693 Atque
491 613 597 692 ipsum
638 613 817 675 Phaedrum
858 634 924 675 non
964 615 1063 674 modo
1103 613 1134 674 in
1170 612 1287 675 fabulis

220 719 390 800 fingendis,
415 721 473 782 sed
497 720 595 782 etiam
620 719 708 795 loeis,
734 720 850 801 quibus
874 721 945 801 ipse
968 723 1000 782 in
1018 739 1149 782 scenam
1167 720 1286 801 prodit,

220 828 364 909 cogitata
388 825 512 889 Publilii
537 815 569 888 in
593 847 686 889 suam
711 847 778 890 rem
802 828 1002 890 conuertisse
1018 828 1117 890 credo
1134 848 1185 890 me
1201 828 1286 890 inue·
1399 853 1400 856 ¹

220 936 316 1009 nisse,
353 935 415 998 nisi
451 955 527 998 casu
565 935 697 998 forsitan
732 936 884 998 acciderit
901 945 947 1020 ut
971 935 1135 997 Phaedrus
1159 934 1232 1016 epil.
1258 935 1287 997 Il

221 1063 303 1106 uers
334 1041 459 1122 »γέ-18
484 1043 526 1104 ad
550 1042 703 1106 Seianum
727 1042 914 1105 transferret
937 1043 1131 1105 sententiam
1148 1041 1285 1104 Publilii:

224 1150 310 1212 »Vbi
344 1151 465 1212 iudicat
500 1151 555 1230 qui
590 1161 732 1225 accusat,
765 1151 814 1213 uis
837 1171 904 1212 non
928 1149 981 1212 lex
1005 1149 1122 1213 ualet.»
1172 1149 1288 1231 Neque

220 1268 330 1322 tamen
354 1258 437 1320 inter
460 1257 547 1320 dicta
571 1256 749 1320 Publiliana
772 1257 925 1338 exempla
947 1258 1042 1320 nobis
1058 1259 1184 1340 desunt,
1203 1259 1288 1334 unde
1370 1263 1372 1268 ’
1400 1239 1401 1243 ¹

220 1364 347 1428 eluceat
381 1366 479 1428 etiam
514 1365 620 1446 ipsum
645 1385 754 1427 earum
779 1375 944 1435 auctorem
968 1365 1001 1427 in
1024 1365 1193 1428 sententiis
1216 1385 1289 1446 pro·
1336 1384 1343 1400 ·

221 1473 363 1536 ferendis
403 1471 581 1534 fabularum
622 1483 767 1534 ueterum
807 1473 1004 1547 meminisse,
1043 1482 1078 1533 ut
1112 1472 1286 1546 sententia:
1387 1534 1389 1537 ,

225 1581 319 1642 »Νοιι
344 1578 436 1642 facile
457 1579 498 1642 de
514 1581 688 1642 innocente
705 1580 825 1642 crimen
842 1574 1005 1661 fingiturj»
1026 1578 1168 1641 fabulam
1186 1578 1288 1641 Aeso-

221 1707 317 1767 peam
343 1685 428 1750 illam
453 1687 588 1749 Phaedr.
614 1687 637 1762 I,
668 1704 744 1748 1:
766 1686 862 1749 Babr.
882 1688 924 1766 89
940 1686 1027 1748 haud
1043 1687 1142 1749 dubie
1158 1687 1289 1768 respicit

122 1809 124 1814 ·
222 1805 269 1857 et:
320 1791 421 1857 »Cum
457 1794 516 1856 das
552 1814 653 1856 auaro
688 1795 868 1874 praemium
892 1805 928 1856 ut
951 1805 1069 1856 noceat
1091 1813 1218 1875 rogas»
1245 1795 1288 1856 ad

221 1901 359 1964 Phaedri
382 1901 421 1975 Il,
449 1918 465 1980 3
483 1927 527 1958 =
544 1901 653 1964 Halm.
673 1917 746 1976 221,
764 1921 848 1982 quae
865 1902 1020 1983 quoniam
1037 1921 1153 1982 graece
1169 1910 1287 1976 exstat,

222 2009 385 2070 sententia
409 2009 617 2071 uetustiorem
641 2027 713 2070 esse
737 2009 936 2071 credendum
960 2019 1018 2083 est,
1045 2007 1153 2070 reserri
1169 2018 1288 2089 potest.

221 2115 431 2197 Quamquam
467 2117 564 2196 igitur
588 2115 753 2178 Phaedrus
776 2125 968 2197 argumenta
992 2136 1200 2179 romanorum
1218 2137 1289 2196 pro·
1366 2174 1368 2178 .

222 2224 292 2304 pria
302 2221 502 2305 plerumque,
514 2234 549 2286 ut
562 2221 687 2285 fabulas
699 2223 877 2286 rationibus
889 2223 1054 2286 rhetorum
1066 2233 1287 2304 componeret,

221 2330 283 2392 sibi
306 2332 484 2411 sumpsisse
508 2331 645 2406 uidetur,
670 2340 781 2392 tamen
804 2350 871 2392 non
893 2331 1010 2416 desunt
1026 2329 1187 2409 exempla,
1206 2331 1289 2412 quae

221 2437 438 2518 comprobent
460 2439 557 2500 etiam
582 2436 755 2518 prouerbia
779 2457 897 2517 graeca
920 2438 1067 2500 adhibita
1090 2458 1163 2500 esse
1179 2449 1215 2500 ut
1230 2438 1288 2514 lV,

223 2561 274 2623 24,
299 2547 342 2608 ad
366 2563 464 2626 quarn
489 2525 640 2608 Havetus'
659 2545 702 2606 de
718 2544 839 2608 Athen.
858 2544 947 2619 XIV,
965 2546 1001 2608 6:
1023 2543 1177 2607 »Ὤδινεν
1193 2542 1288 2624 ὄρος,

224 2649 310 2730 Ζεὺς
345 2650 549 2738 δ’ὲφοβεῑτο,
574 2650 613 2714 τὸ
638 2649 787 2715 δ’ἔτεκεν
811 2653 891 2734 μῦν»
920 2654 1047 2714 monuit
1069 2663 1103 2714 et
1126 2673 1203 2735 app.
1228 2652 1290 2714 XII

222 2761 344 2839 (asinus
379 2769 411 2822 ct
446 2758 537 2840 lyra),
574 2761 739 2839 adquam
763 2769 796 2821 et
820 2761 861 2821 de
885 2759 1058 2840 prouerbio
1082 2759 1289 2827 Pseudo-Plu-

221 2867 323 2929 tarchi
349 2883 388 2946 33
418 2863 519 2944 »ὄνος
541 2863 651 2945 λύρας
674 2864 811 2928 ἀκούει»
839 2877 872 2929 et
891 2869 933 2928 de
949 2865 1079 2930 Aeliani
1096 2878 1161 2930 nat.
1179 2888 1231 2930 an.
1248 2867 1288 2943 X,
1371 2895 1374 2901 ·

224 2976 279 3036 28:
303 2972 427 3056 »μόνον
442 2975 564 3036 τοῦτον
579 2975 646 3036 τῶν
656 2971 752 3048 ζώων
765 2971 808 3055 μὴ
820 2973 1000 3055 γεγονέναι
1012 2974 1101 3037 κατὰ
1113 2973 1288 3057 ἁρμονίαν·

221 3079 327 3162 ταύτῃ
362 3101 413 3144 τοι
446 3079 504 3142 καὶ
538 3079 625 3160 πρὸς
659 3079 719 3143 τὸν
754 3079 838 3160 ἠχον
872 3080 932 3144 τὸν
965 3083 1027 3162 τῆς
1061 3079 1170 3161 λύρας
1204 3081 1290 3143 εἶναι

221 3186 441 3270 κωφότατον»
464 3188 664 3250 monendum
682 3209 754 3250 esse
771 3209 899 3250 censeo
925 3187 1022 3251 Tales
1039 3199 1147 3250 autem
1163 3187 1290 3251 fabulas

194 3369 196 3372 ¹
223 3297 299 3377 quin
335 3298 431 3358 etiam
461 3297 493 3358 in
518 3295 606 3358 sonte
630 3315 749 3376 graeco
773 3294 958 3358 elaboratas
982 3297 1126 3359 inuenire
1149 3297 1290 3376 potuerit

224 3423 290 3466 non
313 3414 364 3466 est
387 3405 611 3466 dubitandum.

330 3510 439 3593 Quum
465 3512 561 3593 igitur
584 3511 647 3572 iam
672 3511 838 3573 Phaedrus
861 3512 1020 3574 rationem
1046 3512 1289 3592 prouerbiorum

223 3617 525 3700 amplificandorum
561 3620 593 3680 in
628 3617 712 3680 ludis
743 3618 908 3680 rhetorum
933 3617 1096 3681 excultam
1120 3619 1234 3681 crebro
1258 3620 1290 3682 in

223 3745 316 3788 usum
352 3727 555 3802 conuenerit,
592 3727 625 3788 id
660 3724 762 3789 multo
797 3727 902 3807 magis
935 3726 977 3787 de
1000 3725 1119 3789 Rabrio
1143 3725 1291 3806 sophista

224 3834 481 3914 exspectandum
518 3843 577 3908 est,
614 3834 762 3915 quamuis
797 3832 901 3908 The0,
937 3854 957 3894 a
992 3834 1081 3894 cuius
1108 3834 1291 3913 praeceptis

224 3961 297 4003 eum
333 3941 521 4022 plerumque
557 3942 699 4021 pendere
722 3941 844 4003 dictum
869 3950 927 4018 est,
954 3939 1041 4002 nullo
1064 3938 1138 4002 loco
1162 3959 1290 4020 prouer-

224 4049 323 4124 bium,
348 4050 407 4110 sed
431 4049 624 4111 sententiam
649 4047 834 4130 generalem
858 4070 877 4110 e
901 4046 1009 4110 fabula
1034 4057 1231 4128 protractam
1248 4049 1290 4109 ad

225 4176 312 4216 noua
346 4165 538 4236 argumenta
572 4155 766 4217 inuenienda
802 4153 967 4236 discipulis
1002 4155 1288 4217 commendauerit.
