<?xml version="1.0" encoding="UTF-8"?>
<!DOCTYPE html PUBLIC "-//W3C//DTD XHTML 1.0 Transitional//EN"
    "http://www.w3.org/TR/xhtml1/DTD/xhtml1-transitional.dtd">
<html xmlns="http://www.w3.org/1999/xhtml" xml:lang="en" lang="en">
 <head>
  <title>
</title>
<meta http-equiv="Content-Type" content="text/html;charset=utf-8" />
  <meta name='ocr-system' content='tesseract 3.04.00' />
  <meta name='ocr-capabilities' content='ocr_page ocr_carea ocr_par ocr_line ocrx_word'/>
</head>
<body>
  <div class='ocr_page' id='page_1' title='image "./stvdiadefontibv00chrigoog_0104.png"; bbox 0 0 3260 4882; ppageno 0'>
   <div class='ocr_carea' id='block_1_1' title="bbox 339 983 1404 1462">
    <p class='ocr_par' dir='ltr' id='par_1_1' title="bbox 339 983 1404 1336">
     <span class='ocr_line' id='line_1_1' title="bbox 340 983 1404 1088; baseline -0.005 -23"><span class='ocrx_word' id='word_1_1' title='bbox 340 992 404 1066; x_wconf 90' lang='lat' dir='ltr'>De</span> <span class='ocrx_word' id='word_1_2' title='bbox 446 989 596 1065; x_wconf 87' lang='lat' dir='ltr'>fabulis</span> <span class='ocrx_word' id='word_1_3' title='bbox 638 986 863 1078; x_wconf 74' lang='lat' dir='ltr'>nonnullis</span> <span class='ocrx_word' id='word_1_4' title='bbox 906 1009 1013 1085; x_wconf 89' lang='lat' dir='ltr'>quae</span> <span class='ocrx_word' id='word_1_5' title='bbox 1056 1008 1314 1088; x_wconf 91' lang='lat' dir='ltr'>quamquam</span> <span class='ocrx_word' id='word_1_6' title='bbox 1351 983 1404 1060; x_wconf 91' lang='lat' dir='ltr'>ad</span> 
     </span>
     <span class='ocr_line' id='line_1_2' title="bbox 339 1113 1404 1213; baseline -0.007 -21"><span class='ocrx_word' id='word_1_7' title='bbox 339 1139 494 1213; x_wconf 86' lang='lat' dir='ltr'>genera</span> <span class='ocrx_word' id='word_1_8' title='bbox 528 1138 656 1211; x_wconf 85' lang='lat' dir='ltr'>supra</span> <span class='ocrx_word' id='word_1_9' title='bbox 690 1123 867 1188; x_wconf 88' lang='lat' dir='ltr'>tractata</span> <span class='ocrx_word' id='word_1_10' title='bbox 898 1136 985 1189; x_wconf 94' lang='lat' dir='ltr'>non</span> <span class='ocrx_word' id='word_1_11' title='bbox 1014 1113 1232 1210; x_wconf 84' lang='lat' dir='ltr'>pertinent,</span> <span class='ocrx_word' id='word_1_12' title='bbox 1261 1121 1404 1186; x_wconf 91' lang='lat' dir='ltr'>tamen</span> 
     </span>
     <span class='ocr_line' id='line_1_3' title="bbox 339 1237 1404 1336; baseline -0.006 -20"><span class='ocrx_word' id='word_1_13' title='bbox 339 1243 478 1316; x_wconf 89' lang='lat' dir='ltr'>causis</span> <span class='ocrx_word' id='word_1_14' title='bbox 506 1241 682 1316; x_wconf 88' lang='lat' dir='ltr'>diuersis</span> <span class='ocrx_word' id='word_1_15' title='bbox 712 1241 765 1314; x_wconf 88' lang='lat' dir='ltr'>ad</span> <span class='ocrx_word' id='word_1_16' title='bbox 791 1241 1008 1336; x_wconf 86' lang='lat' dir='ltr'><strong>Aesopum</strong></span> <span class='ocrx_word' id='word_1_17' title='bbox 1029 1249 1069 1314; x_wconf 90' lang='lat' dir='ltr'>et</span> <span class='ocrx_word' id='word_1_18' title='bbox 1088 1239 1240 1314; x_wconf 92' lang='lat' dir='ltr'>librum</span> <span class='ocrx_word' id='word_1_19' title='bbox 1261 1237 1404 1321; x_wconf 85' lang='lat' dir='ltr'>Babrii</span> 
     </span>
    </p>

    <p class='ocr_par' dir='ltr' id='par_1_2' title="bbox 457 1365 1319 1462">
     <span class='ocr_line' id='line_1_4' title="bbox 457 1365 1319 1462; baseline 0.005 -28"><span class='ocrx_word' id='word_1_20' title='bbox 457 1429 458 1434; x_wconf 75' lang='grc'>,</span> <span class='ocrx_word' id='word_1_21' title='bbox 539 1366 722 1462; x_wconf 88' lang='lat' dir='ltr'>priorem</span> <span class='ocrx_word' id='word_1_22' title='bbox 751 1365 1066 1439; x_wconf 81' lang='lat' dir='ltr'>transferendae</span> <span class='ocrx_word' id='word_1_23' title='bbox 1094 1373 1202 1438; x_wconf 89' lang='lat' dir='ltr'>sunt.</span> <span class='ocrx_word' id='word_1_24' title='bbox 1316 1391 1319 1400; x_wconf 63' lang='grc'><em>’</em></span> 
     </span>
    </p>
   </div>
   <div class='ocr_carea' id='block_1_2' title="bbox 336 1577 1405 2950">
    <p class='ocr_par' dir='ltr' id='par_1_3' title="bbox 336 1577 1405 2950">
     <span class='ocr_line' id='line_1_5' title="bbox 445 1577 1405 1662; baseline -0.001 -19"><span class='ocrx_word' id='word_1_25' title='bbox 445 1583 506 1643; x_wconf 86' lang='lat' dir='ltr'>llis</span> <span class='ocrx_word' id='word_1_26' title='bbox 530 1583 688 1662; x_wconf 85' lang='lat' dir='ltr'>expositis</span> <span class='ocrx_word' id='word_1_27' title='bbox 711 1590 842 1642; x_wconf 83' lang='lat' dir='ltr'>transeo</span> <span class='ocrx_word' id='word_1_28' title='bbox 866 1580 908 1642; x_wconf 93' lang='lat' dir='ltr'>ad</span> <span class='ocrx_word' id='word_1_29' title='bbox 933 1577 1059 1648; x_wconf 84' lang='lat' dir='ltr'>fabulas</span> <span class='ocrx_word' id='word_1_30' title='bbox 1082 1581 1239 1660; x_wconf 87' lang='lat' dir='ltr'>quasdam</span> <span class='ocrx_word' id='word_1_31' title='bbox 1265 1579 1405 1661; x_wconf 88' lang='lat' dir='ltr'>singula-</span> 
     </span>
     <span class='ocr_line' id='line_1_6' title="bbox 338 1687 1405 1769; baseline -0.004 -17"><span class='ocrx_word' id='word_1_32' title='bbox 338 1693 395 1752; x_wconf 85' lang='lat' dir='ltr'>tim</span> <span class='ocrx_word' id='word_1_33' title='bbox 425 1691 621 1764; x_wconf 68' lang='lat' dir='ltr'>tractandas</span> <span class='ocrx_word' id='word_1_34' title='bbox 647 1707 732 1768; x_wconf 83' lang='lat' dir='ltr'>quae</span> <span class='ocrx_word' id='word_1_35' title='bbox 756 1707 956 1768; x_wconf 91' lang='lat' dir='ltr'>quamquam</span> <span class='ocrx_word' id='word_1_36' title='bbox 981 1707 1086 1769; x_wconf 85' lang='lat' dir='ltr'>neque</span> <span class='ocrx_word' id='word_1_37' title='bbox 1109 1688 1198 1768; x_wconf 91' lang='lat' dir='ltr'>apud</span> <span class='ocrx_word' id='word_1_38' title='bbox 1222 1687 1405 1750; x_wconf 88' lang='lat' dir='ltr'>Phaedrum</span> 
     </span>
     <span class='ocr_line' id='line_1_7' title="bbox 338 1793 1404 1878; baseline -0.004 -18"><span class='ocrx_word' id='word_1_39' title='bbox 338 1819 442 1878; x_wconf 88' lang='lat' dir='ltr'>neque</span> <span class='ocrx_word' id='word_1_40' title='bbox 478 1799 509 1858; x_wconf 93' lang='lat' dir='ltr'>in</span> <span class='ocrx_word' id='word_1_41' title='bbox 547 1795 734 1876; x_wconf 83' lang='lat' dir='ltr'>fragmentis</span> <span class='ocrx_word' id='word_1_42' title='bbox 769 1794 939 1875; x_wconf 87' lang='lat' dir='ltr'>dactylicis</span> <span class='ocrx_word' id='word_1_43' title='bbox 963 1795 1109 1857; x_wconf 88' lang='lat' dir='ltr'>uersibus</span> <span class='ocrx_word' id='word_1_44' title='bbox 1132 1793 1262 1857; x_wconf 91' lang='lat' dir='ltr'>inclusis</span> <span class='ocrx_word' id='word_1_45' title='bbox 1287 1795 1404 1857; x_wconf 88' lang='lat' dir='ltr'>inueni-</span> 
     </span>
     <span class='ocr_line' id='line_1_8' title="bbox 339 1903 1403 1984; baseline -0.002 -18"><span class='ocrx_word' id='word_1_46' title='bbox 339 1915 441 1978; x_wconf 77' lang='lat' dir='ltr'>untur,</span> <span class='ocrx_word' id='word_1_47' title='bbox 479 1923 584 1984; x_wconf 86' lang='lat' dir='ltr'>neque</span> <span class='ocrx_word' id='word_1_48' title='bbox 619 1924 681 1965; x_wconf 87' lang='lat' dir='ltr'>una</span> <span class='ocrx_word' id='word_1_49' title='bbox 717 1912 857 1984; x_wconf 83' lang='lat' dir='ltr'>excepta</span> <span class='ocrx_word' id='word_1_50' title='bbox 892 1903 933 1964; x_wconf 91' lang='lat' dir='ltr'>ad</span> <span class='ocrx_word' id='word_1_51' title='bbox 958 1912 1151 1984; x_wconf 87' lang='lat' dir='ltr'>argumenta</span> <span class='ocrx_word' id='word_1_52' title='bbox 1174 1903 1327 1966; x_wconf 86' lang='lat' dir='ltr'>historiae</span> <span class='ocrx_word' id='word_1_53' title='bbox 1351 1923 1403 1965; x_wconf 87' lang='lat' dir='ltr'>na-</span> 
     </span>
     <span class='ocr_line' id='line_1_9' title="bbox 337 2009 1404 2092; baseline -0.001 -18"><span class='ocrx_word' id='word_1_54' title='bbox 337 2011 448 2074; x_wconf 87' lang='lat' dir='ltr'>turalis</span> <span class='ocrx_word' id='word_1_55' title='bbox 472 2022 528 2073; x_wconf 88' lang='lat' dir='ltr'>aut</span> <span class='ocrx_word' id='word_1_56' title='bbox 551 2011 592 2073; x_wconf 88' lang='lat' dir='ltr'>ad</span> <span class='ocrx_word' id='word_1_57' title='bbox 619 2011 746 2091; x_wconf 86' lang='lat' dir='ltr'>Aesopi</span> <span class='ocrx_word' id='word_1_58' title='bbox 769 2009 890 2089; x_wconf 77' lang='grc' dir='ltr'>γέλοια</span> <span class='ocrx_word' id='word_1_59' title='bbox 912 2021 989 2092; x_wconf 87' lang='lat' dir='ltr'>apte</span> <span class='ocrx_word' id='word_1_60' title='bbox 1006 2010 1112 2072; x_wconf 86' lang='lat' dir='ltr'>referri</span> <span class='ocrx_word' id='word_1_61' title='bbox 1130 2021 1277 2092; x_wconf 88' lang='lat' dir='ltr'>possunt,</span> <span class='ocrx_word' id='word_1_62' title='bbox 1295 2021 1404 2073; x_wconf 88' lang='lat' dir='ltr'>tamen</span> 
     </span>
     <span class='ocr_line' id='line_1_10' title="bbox 337 2117 1405 2200; baseline 0 -20"><span class='ocrx_word' id='word_1_63' title='bbox 337 2130 369 2180; x_wconf 88' lang='lat' dir='ltr'>et</span> <span class='ocrx_word' id='word_1_64' title='bbox 404 2121 482 2199; x_wconf 92' lang='lat' dir='ltr'>ipsis</span> <span class='ocrx_word' id='word_1_65' title='bbox 517 2119 716 2199; x_wconf 83' lang='lat' dir='ltr'>argumentis</span> <span class='ocrx_word' id='word_1_66' title='bbox 751 2128 784 2179; x_wconf 92' lang='lat' dir='ltr'>et</span> <span class='ocrx_word' id='word_1_67' title='bbox 812 2137 931 2198; x_wconf 90' lang='lat' dir='ltr'>genere</span> <span class='ocrx_word' id='word_1_68' title='bbox 955 2119 1105 2180; x_wconf 86' lang='lat' dir='ltr'>narrandi</span> <span class='ocrx_word' id='word_1_69' title='bbox 1130 2137 1205 2179; x_wconf 90' lang='lat' dir='ltr'>uere</span> <span class='ocrx_word' id='word_1_70' title='bbox 1229 2117 1405 2200; x_wconf 81' lang='lat' dir='ltr'>Aesopeae</span> 
     </span>
     <span class='ocr_line' id='line_1_11' title="bbox 337 2225 1404 2307; baseline -0.001 -19"><span class='ocrx_word' id='word_1_71' title='bbox 337 2247 409 2288; x_wconf 87' lang='lat' dir='ltr'>csse</span> <span class='ocrx_word' id='word_1_72' title='bbox 444 2228 601 2288; x_wconf 89' lang='lat' dir='ltr'>uidentur.</span> <span class='ocrx_word' id='word_1_73' title='bbox 650 2225 780 2288; x_wconf 90' lang='lat' dir='ltr'>Nudam</span> <span class='ocrx_word' id='word_1_74' title='bbox 813 2235 845 2287; x_wconf 89' lang='lat' dir='ltr'>et</span> <span class='ocrx_word' id='word_1_75' title='bbox 868 2225 1048 2307; x_wconf 86' lang='lat' dir='ltr'>simplicem</span> <span class='ocrx_word' id='word_1_76' title='bbox 1072 2227 1252 2306; x_wconf 87' lang='lat' dir='ltr'>argumenti</span> <span class='ocrx_word' id='word_1_77' title='bbox 1277 2226 1404 2306; x_wconf 88' lang='lat' dir='ltr'>exposi-</span> 
     </span>
     <span class='ocr_line' id='line_1_12' title="bbox 336 2331 1403 2415; baseline 0 -20"><span class='ocrx_word' id='word_1_78' title='bbox 336 2336 458 2395; x_wconf 87' lang='lat' dir='ltr'>tionem</span> <span class='ocrx_word' id='word_1_79' title='bbox 495 2353 572 2414; x_wconf 89' lang='lat' dir='ltr'>prae</span> <span class='ocrx_word' id='word_1_80' title='bbox 606 2353 642 2394; x_wconf 88' lang='lat' dir='ltr'>se</span> <span class='ocrx_word' id='word_1_81' title='bbox 678 2331 783 2394; x_wconf 89' lang='lat' dir='ltr'>serunt</span> <span class='ocrx_word' id='word_1_82' title='bbox 817 2331 957 2408; x_wconf 79' lang='lat' dir='ltr'>fabulae,</span> <span class='ocrx_word' id='word_1_83' title='bbox 983 2353 1088 2415; x_wconf 89' lang='lat' dir='ltr'>neque</span> <span class='ocrx_word' id='word_1_84' title='bbox 1112 2335 1143 2395; x_wconf 93' lang='lat' dir='ltr'>in</span> <span class='ocrx_word' id='word_1_85' title='bbox 1168 2333 1207 2395; x_wconf 93' lang='lat' dir='ltr'>iis</span> <span class='ocrx_word' id='word_1_86' title='bbox 1230 2334 1403 2414; x_wconf 86' lang='lat' dir='ltr'>uestigium</span> 
     </span>
     <span class='ocr_line' id='line_1_13' title="bbox 336 2440 1403 2523; baseline -0.001 -20"><span class='ocrx_word' id='word_1_87' title='bbox 336 2443 419 2504; x_wconf 90' lang='lat' dir='ltr'>inest</span> <span class='ocrx_word' id='word_1_88' title='bbox 457 2440 554 2502; x_wconf 92' lang='lat' dir='ltr'>ullum</span> <span class='ocrx_word' id='word_1_89' title='bbox 595 2441 757 2502; x_wconf 88' lang='lat' dir='ltr'>rhetorum</span> <span class='ocrx_word' id='word_1_90' title='bbox 796 2441 959 2503; x_wconf 89' lang='lat' dir='ltr'>scribendi</span> <span class='ocrx_word' id='word_1_91' title='bbox 998 2441 1084 2502; x_wconf 76' lang='lat' dir='ltr'>artis,</span> <span class='ocrx_word' id='word_1_92' title='bbox 1138 2441 1265 2503; x_wconf 88' lang='lat' dir='ltr'>Deinde</span> <span class='ocrx_word' id='word_1_93' title='bbox 1304 2461 1403 2523; x_wconf 91' lang='lat' dir='ltr'>quum</span> 
     </span>
     <span class='ocr_line' id='line_1_14' title="bbox 338 2545 1405 2630; baseline -0.001 -19"><span class='ocrx_word' id='word_1_94' title='bbox 338 2545 509 2630; x_wconf 86' lang='lat' dir='ltr'>generibus</span> <span class='ocrx_word' id='word_1_95' title='bbox 546 2546 606 2609; x_wconf 91' lang='lat' dir='ltr'>illis</span> <span class='ocrx_word' id='word_1_96' title='bbox 640 2547 770 2609; x_wconf 90' lang='lat' dir='ltr'>duobus</span> <span class='ocrx_word' id='word_1_97' title='bbox 802 2546 982 2610; x_wconf 83' lang='lat' dir='ltr'>tabularum</span> <span class='ocrx_word' id='word_1_98' title='bbox 1015 2548 1261 2629; x_wconf 88' lang='lat' dir='ltr'>antiquioribus,</span> <span class='ocrx_word' id='word_1_99' title='bbox 1286 2548 1405 2629; x_wconf 89' lang='lat' dir='ltr'>quibus</span> 
     </span>
     <span class='ocr_line' id='line_1_15' title="bbox 336 2655 1402 2736; baseline 0 -19"><span class='ocrx_word' id='word_1_100' title='bbox 336 2657 567 2736; x_wconf 88' lang='lat' dir='ltr'>compendium</span> <span class='ocrx_word' id='word_1_101' title='bbox 604 2655 793 2735; x_wconf 80' lang='lat' dir='ltr'>Aesopeum</span> <span class='ocrx_word' id='word_1_102' title='bbox 830 2655 1056 2736; x_wconf 88' lang='lat' dir='ltr'>primigenium</span> <span class='ocrx_word' id='word_1_103' title='bbox 1082 2657 1299 2736; x_wconf 87' lang='lat' dir='ltr'>compositum</span> <span class='ocrx_word' id='word_1_104' title='bbox 1325 2667 1402 2731; x_wconf 86' lang='lat' dir='ltr'>erat,</span> 
     </span>
     <span class='ocr_line' id='line_1_16' title="bbox 337 2761 1404 2844; baseline -0.001 -19"><span class='ocrx_word' id='word_1_105' title='bbox 337 2783 447 2825; x_wconf 87' lang='lat' dir='ltr'>earum</span> <span class='ocrx_word' id='word_1_106' title='bbox 472 2761 570 2843; x_wconf 89' lang='lat' dir='ltr'>longe</span> <span class='ocrx_word' id='word_1_107' title='bbox 595 2761 702 2842; x_wconf 87' lang='lat' dir='ltr'>plures</span> <span class='ocrx_word' id='word_1_108' title='bbox 726 2772 803 2842; x_wconf 89' lang='lat' dir='ltr'>apte</span> <span class='ocrx_word' id='word_1_109' title='bbox 827 2761 922 2824; x_wconf 90' lang='lat' dir='ltr'>tribui</span> <span class='ocrx_word' id='word_1_110' title='bbox 940 2764 1075 2843; x_wconf 64' lang='lat' dir='ltr'>possins</span> <span class='ocrx_word' id='word_1_111' title='bbox 1090 2773 1189 2844; x_wconf 87' lang='lat' dir='ltr'>atque</span> <span class='ocrx_word' id='word_1_112' title='bbox 1202 2783 1243 2826; x_wconf 89' lang='lat' dir='ltr'>ex</span> <span class='ocrx_word' id='word_1_113' title='bbox 1257 2774 1349 2844; x_wconf 90' lang='lat' dir='ltr'>parte</span> <span class='ocrx_word' id='word_1_114' title='bbox 1361 2762 1404 2825; x_wconf 87' lang='lat' dir='ltr'>ab</span> 
     </span>
     <span class='ocr_line' id='line_1_17' title="bbox 338 2869 1403 2950; baseline 0 -18"><span class='ocrx_word' id='word_1_115' title='bbox 338 2871 523 2932; x_wconf 84' lang='lat' dir='ltr'>auctoribus</span> <span class='ocrx_word' id='word_1_116' title='bbox 548 2871 738 2950; x_wconf 85' lang='lat' dir='ltr'>antiquioris</span> <span class='ocrx_word' id='word_1_117' title='bbox 762 2871 832 2932; x_wconf 86' lang='lat' dir='ltr'>aeui</span> <span class='ocrx_word' id='word_1_118' title='bbox 857 2881 1154 2933; x_wconf 88' lang='lat' dir='ltr'>commemorentur</span> <span class='ocrx_word' id='word_1_119' title='bbox 1177 2881 1232 2933; x_wconf 87' lang='lat' dir='ltr'>aut</span> <span class='ocrx_word' id='word_1_120' title='bbox 1256 2871 1303 2933; x_wconf 92' lang='lat' dir='ltr'>eis</span> <span class='ocrx_word' id='word_1_121' title='bbox 1328 2869 1403 2932; x_wconf 89' lang='lat' dir='ltr'>allu-</span> 
     </span>
    </p>
   </div>
   <div class='ocr_carea' id='block_1_3' title="bbox 224 2967 1404 3059">
    <p class='ocr_par' dir='ltr' id='par_1_4' title="bbox 224 2967 1404 3059">
     <span class='ocr_line' id='line_1_18' title="bbox 224 2967 1404 3059; baseline 0 -19"><span class='ocrx_word' id='word_1_122' title='bbox 224 2967 226 2970; x_wconf 48' lang='grc'><strong>’</strong></span> <span class='ocrx_word' id='word_1_123' title='bbox 336 2980 439 3053; x_wconf 85' lang='lat' dir='ltr'>datur,</span> <span class='ocrx_word' id='word_1_124' title='bbox 486 2979 583 3039; x_wconf 90' lang='lat' dir='ltr'>etiam</span> <span class='ocrx_word' id='word_1_125' title='bbox 633 2977 694 3038; x_wconf 84' lang='lat' dir='ltr'>liae</span> <span class='ocrx_word' id='word_1_126' title='bbox 734 2976 861 3040; x_wconf 81' lang='lat' dir='ltr'>fabulae</span> <span class='ocrx_word' id='word_1_127' title='bbox 900 2999 918 3039; x_wconf 93' lang='lat' dir='ltr'>e</span> <span class='ocrx_word' id='word_1_128' title='bbox 956 2977 1148 3040; x_wconf 88' lang='lat' dir='ltr'>collectione</span> <span class='ocrx_word' id='word_1_129' title='bbox 1189 2977 1346 3059; x_wconf 88' lang='lat' dir='ltr'>Aesopea</span> <span class='ocrx_word' id='word_1_130' title='bbox 1384 2999 1404 3040; x_wconf 86' lang='lat' dir='ltr'>a</span> 
     </span>
    </p>
   </div>
   <div class='ocr_carea' id='block_1_4' title="bbox 334 3073 1403 4238">
    <p class='ocr_par' dir='ltr' id='par_1_5' title="bbox 334 3073 1403 3918">
     <span class='ocr_line' id='line_1_19' title="bbox 336 3073 1402 3166; baseline 0.002 -20"><span class='ocrx_word' id='word_1_131' title='bbox 336 3085 454 3147; x_wconf 88' lang='lat' dir='ltr'>Babrio</span> <span class='ocrx_word' id='word_1_132' title='bbox 489 3082 668 3147; x_wconf 83' lang='lat' dir='ltr'>translatae</span> <span class='ocrx_word' id='word_1_133' title='bbox 698 3105 770 3147; x_wconf 89' lang='lat' dir='ltr'>esse</span> <span class='ocrx_word' id='word_1_134' title='bbox 806 3086 969 3147; x_wconf 86' lang='lat' dir='ltr'>uidentur:</span> <span class='ocrx_word' id='word_1_135' title='bbox 1008 3086 1058 3160; x_wconf 89' lang='lat'>26,</span> <span class='ocrx_word' id='word_1_136' title='bbox 1091 3073 1144 3166; x_wconf 84' lang='lat'>47,</span> <span class='ocrx_word' id='word_1_137' title='bbox 1171 3100 1222 3165; x_wconf 83' lang='lat'>74,</span> <span class='ocrx_word' id='word_1_138' title='bbox 1247 3100 1299 3166; x_wconf 89' lang='lat'>97,</span> <span class='ocrx_word' id='word_1_139' title='bbox 1330 3099 1402 3165; x_wconf 85' lang='lat'>105,</span> 
     </span>
     <span class='ocr_line' id='line_1_20' title="bbox 340 3192 1402 3274; baseline 0.001 -20"><span class='ocrx_word' id='word_1_140' title='bbox 340 3198 408 3272; x_wconf 79' lang='lat'>13&#39;0.</span> <span class='ocrx_word' id='word_1_141' title='bbox 457 3192 605 3274; x_wconf 80' lang='lat' dir='ltr'>Quarum</span> <span class='ocrx_word' id='word_1_142' title='bbox 644 3209 685 3272; x_wconf 82' lang='lat'>74</span> <span class='ocrx_word' id='word_1_143' title='bbox 720 3203 752 3254; x_wconf 91' lang='lat' dir='ltr'>et</span> <span class='ocrx_word' id='word_1_144' title='bbox 793 3206 850 3271; x_wconf 84' lang='lat'>105</span> <span class='ocrx_word' id='word_1_145' title='bbox 889 3194 932 3254; x_wconf 87' lang='lat' dir='ltr'>ad</span> <span class='ocrx_word' id='word_1_146' title='bbox 956 3194 1094 3273; x_wconf 88' lang='lat' dir='ltr'>primum</span> <span class='ocrx_word' id='word_1_147' title='bbox 1119 3192 1205 3255; x_wconf 94' lang='lat' dir='ltr'>illum</span> <span class='ocrx_word' id='word_1_148' title='bbox 1231 3193 1402 3256; x_wconf 76' lang='lat' dir='ltr'>ab&#39;Haus·</span> 
     </span>
     <span class='ocr_line' id='line_1_21' title="bbox 337 3299 1403 3384; baseline 0.004 -24"><span class='ocrx_word' id='word_1_149' title='bbox 337 3301 440 3362; x_wconf 87' lang='lat' dir='ltr'>rathio</span> <span class='ocrx_word' id='word_1_150' title='bbox 483 3301 693 3362; x_wconf 89' lang='lat' dir='ltr'>constitutum</span> <span class='ocrx_word' id='word_1_151' title='bbox 729 3301 875 3361; x_wconf 90' lang='lat' dir='ltr'>ordinem</span> <span class='ocrx_word' id='word_1_152' title='bbox 912 3302 1073 3382; x_wconf 90' lang='lat' dir='ltr'>pertinent</span> <span class='ocrx_word' id='word_1_153' title='bbox 1110 3299 1300 3376; x_wconf 80' lang='lat' dir='ltr'>fabularum,</span> <span class='ocrx_word' id='word_1_154' title='bbox 1337 3323 1403 3384; x_wconf 93' lang='lat' dir='ltr'>quo</span> 
     </span>
     <span class='ocr_line' id='line_1_22' title="bbox 336 3407 1403 3490; baseline 0.002 -22"><span class='ocrx_word' id='word_1_155' title='bbox 336 3417 544 3488; x_wconf 88' lang='lat' dir='ltr'>praeceptum</span> <span class='ocrx_word' id='word_1_156' title='bbox 591 3407 711 3470; x_wconf 89' lang='lat' dir='ltr'>morale</span> <span class='ocrx_word' id='word_1_157' title='bbox 750 3407 791 3468; x_wconf 89' lang='lat' dir='ltr'>ad</span> <span class='ocrx_word' id='word_1_158' title='bbox 831 3408 931 3469; x_wconf 90' lang='lat' dir='ltr'>uitam</span> <span class='ocrx_word' id='word_1_159' title='bbox 971 3407 1196 3488; x_wconf 88' lang='lat' dir='ltr'>quotidianam</span> <span class='ocrx_word' id='word_1_160' title='bbox 1237 3410 1403 3490; x_wconf 87' lang='lat' dir='ltr'>pertinens</span> 
     </span>
     <span class='ocr_line' id='line_1_23' title="bbox 334 3513 1403 3596; baseline 0.003 -21"><span class='ocrx_word' id='word_1_161' title='bbox 334 3516 524 3578; x_wconf 90' lang='lat' dir='ltr'>continetur.</span> <span class='ocrx_word' id='word_1_162' title='bbox 574 3516 618 3577; x_wconf 85' lang='lat' dir='ltr'>Vt</span> <span class='ocrx_word' id='word_1_163' title='bbox 643 3517 674 3576; x_wconf 91' lang='lat' dir='ltr'>in</span> <span class='ocrx_word' id='word_1_164' title='bbox 700 3513 817 3576; x_wconf 86' lang='lat' dir='ltr'>sabulis</span> <span class='ocrx_word' id='word_1_165' title='bbox 841 3513 967 3596; x_wconf 89' lang='lat' dir='ltr'>Aesopi</span> <span class='ocrx_word' id='word_1_166' title='bbox 986 3514 1084 3577; x_wconf 84' lang='lat' dir='ltr'>luisse</span> <span class='ocrx_word' id='word_1_167' title='bbox 1100 3517 1215 3578; x_wconf 88' lang='lat' dir='ltr'>statuit</span> <span class='ocrx_word' id='word_1_168' title='bbox 1233 3515 1403 3579; x_wconf 87' lang='lat' dir='ltr'>Vandaele</span> 
     </span>
     <span class='ocr_line' id='line_1_24' title="bbox 335 3620 1403 3704; baseline 0.003 -23"><span class='ocrx_word' id='word_1_169' title='bbox 335 3620 353 3684; x_wconf 92' lang='lat' dir='ltr'>l.</span> <span class='ocrx_word' id='word_1_170' title='bbox 390 3622 408 3685; x_wconf 93' lang='lat' dir='ltr'>l.</span> <span class='ocrx_word' id='word_1_171' title='bbox 445 3635 519 3704; x_wconf 88' lang='lat' dir='ltr'>pag.</span> <span class='ocrx_word' id='word_1_172' title='bbox 560 3639 609 3702; x_wconf 79' lang='lat'>32,</span> <span class='ocrx_word' id='word_1_173' title='bbox 645 3621 811 3684; x_wconf 87' lang='lat' dir='ltr'>conclusio</span> <span class='ocrx_word' id='word_1_174' title='bbox 847 3621 959 3683; x_wconf 90' lang='lat' dir='ltr'>harum</span> <span class='ocrx_word' id='word_1_175' title='bbox 987 3621 1169 3685; x_wconf 81' lang='lat' dir='ltr'>fabularum</span> <span class='ocrx_word' id='word_1_176' title='bbox 1196 3625 1281 3686; x_wconf 90' lang='lat' dir='ltr'>iusta</span> <span class='ocrx_word' id='word_1_177' title='bbox 1305 3633 1403 3704; x_wconf 88' lang='lat' dir='ltr'>atque</span> 
     </span>
     <span class='ocr_line' id='line_1_25' title="bbox 337 3728 1403 3811; baseline 0.002 -21"><span class='ocrx_word' id='word_1_178' title='bbox 337 3729 489 3792; x_wconf 88' lang='lat' dir='ltr'>naturalis</span> <span class='ocrx_word' id='word_1_179' title='bbox 522 3733 567 3792; x_wconf 87' lang='lat' dir='ltr'>ita</span> <span class='ocrx_word' id='word_1_180' title='bbox 592 3729 761 3811; x_wconf 81' lang='lat' dir='ltr'>profertur,</span> <span class='ocrx_word' id='word_1_181' title='bbox 787 3740 821 3790; x_wconf 93' lang='lat' dir='ltr'>ut</span> <span class='ocrx_word' id='word_1_182' title='bbox 845 3728 930 3790; x_wconf 90' lang='lat' dir='ltr'>hanc</span> <span class='ocrx_word' id='word_1_183' title='bbox 953 3731 1057 3811; x_wconf 89' lang='lat' dir='ltr'>ipsam</span> <span class='ocrx_word' id='word_1_184' title='bbox 1083 3730 1127 3792; x_wconf 94' lang='lat' dir='ltr'>ob</span> <span class='ocrx_word' id='word_1_185' title='bbox 1151 3750 1281 3793; x_wconf 90' lang='lat' dir='ltr'>causam</span> <span class='ocrx_word' id='word_1_186' title='bbox 1307 3730 1403 3792; x_wconf 87' lang='lat' dir='ltr'>fictae</span> 
     </span>
     <span class='ocr_line' id='line_1_26' title="bbox 335 3836 1231 3918; baseline 0.002 -20"><span class='ocrx_word' id='word_1_187' title='bbox 335 3858 406 3900; x_wconf 89' lang='lat' dir='ltr'>esse</span> <span class='ocrx_word' id='word_1_188' title='bbox 431 3841 613 3912; x_wconf 89' lang='lat' dir='ltr'>uideantur,</span> <span class='ocrx_word' id='word_1_189' title='bbox 639 3857 703 3918; x_wconf 92' lang='lat' dir='ltr'>qua</span> <span class='ocrx_word' id='word_1_190' title='bbox 726 3838 768 3898; x_wconf 89' lang='lat' dir='ltr'>de</span> <span class='ocrx_word' id='word_1_191' title='bbox 792 3857 826 3898; x_wconf 91' lang='lat' dir='ltr'>re</span> <span class='ocrx_word' id='word_1_192' title='bbox 850 3836 890 3899; x_wconf 88' lang='lat' dir='ltr'>cs.</span> <span class='ocrx_word' id='word_1_193' title='bbox 916 3836 979 3899; x_wconf 86' lang='lat' dir='ltr'>lab.</span> <span class='ocrx_word' id='word_1_194' title='bbox 1007 3854 1058 3918; x_wconf 84' lang='lat'>74,</span> <span class='ocrx_word' id='word_1_195' title='bbox 1089 3851 1231 3918; x_wconf 83' lang='lat'>15-17:</span> 
     </span>
    </p>

    <p class='ocr_par' dir='ltr' id='par_1_6' title="bbox 440 3931 1241 4025">
     <span class='ocr_line' id='line_1_27' title="bbox 440 3931 1241 4025; baseline 0.001 -19"><span class='ocrx_word' id='word_1_196' title='bbox 440 3945 494 4007; x_wconf 78' lang='lat' dir='ltr'>lul)</span> <span class='ocrx_word' id='word_1_197' title='bbox 518 3931 744 4017; x_wconf 77' lang='grc' dir='ltr'>δυσκολαίνει,</span> <span class='ocrx_word' id='word_1_198' title='bbox 770 3943 914 4024; x_wconf 83' lang='grc' dir='ltr'><strong>Βράγχε,</strong></span> <span class='ocrx_word' id='word_1_199' title='bbox 938 3946 1005 4022; x_wconf 83' lang='grc' dir='ltr'>πᾶς</span> <span class='ocrx_word' id='word_1_200' title='bbox 1029 3945 1049 4006; x_wconf 89' lang='grc' dir='ltr'>ὁ</span> <span class='ocrx_word' id='word_1_201' title='bbox 1073 3945 1241 4025; x_wconf 80' lang='grc' dir='ltr'>γηράσας,</span> 
     </span>
    </p>

    <p class='ocr_par' dir='ltr' id='par_1_7' title="bbox 438 4032 1248 4134">
     <span class='ocr_line' id='line_1_28' title="bbox 438 4049 1248 4134; baseline -0.004 -17"><span class='ocrx_word' id='word_1_202' title='bbox 438 4052 495 4118; x_wconf 77' lang='grc' dir='ltr'>καὶ</span> <span class='ocrx_word' id='word_1_203' title='bbox 519 4051 579 4115; x_wconf 74' lang='grc' dir='ltr'>τὸν</span> <span class='ocrx_word' id='word_1_204' title='bbox 603 4049 743 4113; x_wconf 76' lang='grc' dir='ltr'><strong>διδόντα</strong></span> <span class='ocrx_word' id='word_1_205' title='bbox 766 4049 826 4130; x_wconf 72' lang='grc' dir='ltr'>τὴν</span> <span class='ocrx_word' id='word_1_206' title='bbox 849 4049 980 4133; x_wconf 68' lang='grc' dir='ltr'>τροφὴν</span> <span class='ocrx_word' id='word_1_207' title='bbox 1004 4050 1108 4134; x_wconf 74' lang='grc' dir='ltr'>μόνον</span> <span class='ocrx_word' id='word_1_208' title='bbox 1131 4051 1248 4128; x_wconf 76' lang='grc' dir='ltr'>σαίνει,</span> 
     </span>
    </p>

    <p class='ocr_par' dir='ltr' id='par_1_8' title="bbox 440 4157 1160 4238">
     <span class='ocr_line' id='line_1_29' title="bbox 440 4157 1160 4238; baseline -0.003 -16"><span class='ocrx_word' id='word_1_209' title='bbox 440 4160 493 4222; x_wconf 82' lang='grc' dir='ltr'>ἀεὶ</span> <span class='ocrx_word' id='word_1_210' title='bbox 518 4159 700 4235; x_wconf 74' lang='grc' dir='ltr'>δ’ὑλακτεῐ,</span> <span class='ocrx_word' id='word_1_211' title='bbox 726 4157 783 4220; x_wconf 88' lang='grc' dir='ltr'>καὶ</span> <span class='ocrx_word' id='word_1_212' title='bbox 809 4158 954 4232; x_wconf 73' lang='grc' dir='ltr'>ξένοισιν</span> <span class='ocrx_word' id='word_1_213' title='bbox 977 4160 1019 4220; x_wconf 81' lang='grc' dir='ltr'>οὐ</span> <span class='ocrx_word' id='word_1_214' title='bbox 1043 4158 1160 4238; x_wconf 82' lang='grc' dir='ltr'>χαίρει,</span> 
     </span>
    </p>
   </div>
   <div class='ocr_carea' id='block_1_5' title="bbox 0 0 1634 4882">
    <p class='ocr_par' dir='ltr' id='par_1_9' title="bbox 0 0 1634 4882">
     <span class='ocr_line' id='line_1_30' title="bbox 0 0 1634 4882; baseline 0 1"><span class='ocrx_word' id='word_1_215' title='bbox 0 0 1634 4882; x_wconf 95' lang='lat' dir='ltr'> </span> 
     </span>
    </p>
   </div>
  </div>
 </body>
</html>
