3260 4882
519 429 522 433 ¹
619 438 819 504 *143*

186 641 248 702 isse
284 643 355 720 ipso
391 641 536 702 Theonis
559 639 687 720 -(Walz.
725 640 748 714 1,
786 660 817 720 p.
853 655 912 718 177
947 637 1032 721 sqq.)
1066 635 1252 700 testimonio

185 749 349 822 docemur,
388 749 442 828 qui
478 748 540 810 hac
575 749 645 828 ipsa
682 747 790 809 fabula
825 767 884 828 pro
909 745 1062 826 exemplo
1087 747 1191 820 utitur,
1217 755 1272 807 ut›

184 855 349 947 ostendat,
370 855 536 935 quomodo
573 853 721 936 epilogus
761 865 889 916 eruatur
920 863 953 916 et
977 853 1096 916 deinde
1120 853 1162 914 ad
1187 853 1253 934 epi·
1366 927 1368 932 λ

186 961 294 1042 logum
332 981 418 1024 noua
454 962 596 1042 fingatur
621 963 771 1024 narratio
821 962 989 1043 Epilogus
1016 981 1111 1042 quem
1136 959 1250 1034 attulit,
1335 1019 1338 1024 ,
1370 955 1372 960 ’

185 1079 247 1131 est:
274 1070 328 1150 qui
353 1070 477 1130 maiora
501 1079 668 1150 appetant,
694 1089 751 1130 eos
766 1069 964 1149 plerumque
988 1088 1023 1129 se
1047 1069 1137 1148 ipsos
1160 1066 1252 1130 simul

186 1196 259 1238 cum
284 1177 331 1251 iis,
357 1195 440 1258 quae
464 1186 539 1238 ante
555 1177 755 1256 possideant,
773 1177 1000 1270 pessumdare
1035 1175 1130 1236 Hunc
1148 1177 1252 1257 ipsum

185 1282 350 1364 epilogum
375 1303 408 1344 re
432 1304 508 1345 uera
532 1282 704 1346 fabulatori
729 1282 778 1345 uel
804 1280 1037 1346 fabulatoribus
1063 1303 1121 1362 pro
1146 1302 1252 1344 exem-

186 1389 275 1470 plari,
316 1391 357 1452 ad
397 1391 486 1471 quod
525 1411 611 1465 noua
647 1391 807 1472 fingerent
844 1399 1045 1470 argumenta,
1071 1389 1251 1451 adhibitum

189 1517 261 1559 esse
294 1507 453 1560 testantur
488 1498 595 1561 Halm.
635 1512 698 1578 254
734 1508 766 1560 et
792 1493 877 1578 337⁶.
927 1498 977 1559 Ne
1001 1498 1096 1578 igitur
1120 1497 1255 1561 miratus

187 1606 248 1666 sis.
265 1605 417 1668 Babrium
454 1605 504 1666 uel
529 1615 694 1668 auctorem
719 1607 796 1681 eius,
821 1607 935 1686 utqui
960 1615 1081 1668 sectam
1107 1603 1254 1666 Theonis

102 1711 104 1714 ’
189 1712 445 1793 amplecteretur,
486 1715 624 1775 eundem
661 1693 832 1794 epilogum
862 1713 988 1775 duabus
1023 1707 1115 1774 nouis
1140 1709 1255 1774 fabulis

127 1863 129 1868 -
186 1818 403 1882 illustrauisse.
451 1818 607 1882 Fabulam
644 1821 738 1883 Babr.
759 1834 816 1899 ·45
852 1819 906 1882 tali
942 1820 1076 1882 artificio
1095 1820 1254 1882 ‘deherie

184 1926 416 1989 fine-fabulae:
446 1927 606 2006 »ἐλπίσας
629 1925 670 1990 δὲ
693 1928 735 1990 τὰ
757 1926 907 2006 κρείσσω
931 1927 996 1990 οὐκ
1013 1925 1112 1990 ὤνατ’
1130 1923 1255 1989 οὐδ’ὡτ

188 2032 293 2112 αὐτὸς
328 2033 417 2114 εῖχεν
448 2025 490 2098 ἐκ
512 2033 664 2114 πρώτης»
693 2036 807 2116 quiuis,
832 2035 940 2111 cred0‚
966 2036 1147 2118 perspiciet.
1195 2035 1258 2097 Aa

187 2153 375 2221 gumentunr
411 2143 479 2204 hoc·
510 2145 609 2205 modo
645 2154 750 2205 ortum
784 2145 815 2208 in
840 2141 923 2206 ludis
947 2143 1119 2224 diligenter
1141 2153 1256 2205 tracta·
1296 2181 1298 2184 v

186 2258 254 2310 tum
279 2269 350 2311 esse
374 2251 552 2313 ostendunt
576 2249 683 2312 Halm.
715 2267 751 2312 12
779 2260 810 2312 et
840 2245 902 2325 12⁶,
928 2271 1063 2331 quarum
1088 2249 1189 2312 altera
1213 2249 1228 2311 f
1246 2287 1255 2296 ·

125 2371 128 2376 “
187 2356 283 2418 bulae
317 2357 534 2438 amplificatae
558 2358 754 2439 exemplum,
780 2357 880 2424 altera
904 2359 1160 2438 comprehensae
1184 2377 1255 2438 pro-

188 2462 256 2525 fert.
306 2447 485 2545 Aliquanto
521 2464 680 2528 difficilius
715 2467 757 2526 de
793 2464 887 2526 Babr.
922 2480 961 2544 73
996 2485 1107 2526 uerum
1140 2483 1254 2527 eruere

188 2571 315 2633 uidetur
331 2592 412 2634 esse.
461 2572 592 2634 Crusius
608 2572 732 2656 (Jahrb.
752 2571 771 2634 f.
791 2570 901 2636 Philol‚
921 2571 1074 2634 CXXVII
1088 2591 1163 2652 pag.
1180 2572 1255 2656 246)

189 2676 330 2740 fabulam
345 2679 521 2760 Nicephori
545 2666 685 2742 Chumni
698 2677 804 2742 attulit
818 2677 1048 2760 plenissimam,
1064 2699 1128 2760 qua
1140 2678 1255 2742 miluus

188 2806 207 2846 a
243 2784 401 2867 principio
436 2798 534 2849 cantu
563 2785 686 2848 olorem
711 2786 857 2868 (Crusius
881 2786 943 2848 hoc
967 2786 1041 2848 loco
1066 2788 1190 2866 optime
1214 2790 1255 2849 de

189 2891 296 2955 Halm.
343 2908 402 2972 170
440 2894 571 2955 incunte
610 2893 744 2978 monuit)
785 2913 951 2975 superans,
992 2899 1108 2975 postea
1147 2904 1255 2956 autem

189 3019 321 3063 munere
345 2998 398 3061 illo
423 3001 557 3062 deorum
582 3003 834 3083 intemperanter
850 3001 971 3063 abusus
988 3001 1101 3081 aJoue
1117 3003 1256 3063 canendi

189 3107 340 3170 facultate
375 3101 537 3189 priuatur(
575 3108 682 3189 Quam
717 3109 884 3170 historiam
920 3109 1030 3170 nescio
1065 3129 1105 3170 an
1144 3119 1256 3173 auctor

189 3216 316 3278 Aeliani
343 3225 412 3278 nat.
444 3216 560 3291 ans-11,
587 3231 628 3296 47
653 3217 849 3297 cognouisse
872 3217 1021 3296 potuerit,
1047 3235 1145 3296 quum
1168 3215 1256 3278 dicat

189 3323 321 3385 miluum
346 3343 441 3386 auem
466 3323 608 3406 alioquin
632 3319 875 3405 rapacissimam
900 3345 919 3386 a
943 3326 1043 3386 sacris
1062 3324 1152 3404 Jouis
1175 3343 1255 3386 sem·

189 3449 246 3516 per
280 3432 452 3495 abstinere.
501 3432 576 3494 Non
613 3431 745 3494 dubium
779 3442 829 3493 est
864 3432 940 3512 quin
966 3451 1007 3493 ex
1033 3432 1082 3493 his
1105 3431 1258 3496 omnibus

189 3536 406 3618 colligendum
438 3541 478 3602 sit
503 3541 683 3620 argumenti
707 3517 867 3600 summam
892 3541 934 3602 ad
960 3541 1178 3602 narrationem
1202 3537 1255 3601 ali·

189 3665 286 3724 quam
323 3646 513 3727 popularem
546 3646 747 3709 referendam
771 3665 858 3723 esse;
884 3648 971 3728 quod
997 3656 1105 3708 autem
1130 3649 1172 3708 ad
1196 3646 1256 3708 for·

190 3771 275 3814 nram
311 3752 449 3829 fabulae,
486 3755 590 3836 qualis
625 3755 715 3835 apud
750 3753 903 3816 Babrium
939 3765 973 3816 et
1007 3755 1039 3816 in
1062 3753 1256 3816 collectione

190 3858 297 3922 Halm.
333 3858 456 3940 legitur,
477 3863 605 3936 attinet,
631 3863 804 3924 exssuerbis
828 3863 896 3924 eius
920 3862 1128 3924 exeuntibus:
1158 3859 1259 3923 »οὔτε

190 3965 249 4046 τὴν
283 3966 422 4046 κρείττω
458 3967 573 4048 φωνὴν
607 3968 760 4049 θελήσας
792 3969 891 4050 ἔσχεν
915 3967 995 4032 οὔτε
1017 3967 1078 4050 τὴν
1100 3967 1252 4050 πρώτην»

190 4074 276 4136 haud
312 4076 409 4136 dubie
433 4086 570 4156 apparet
593 4088 818 4158 argumentum
843 4077 920 4140 illud
944 4077 1135 4159 Aesopeum
1160 4077 1254 4139 Babr.
