3244 4868
656 413 830 479 ..37-

211 611 394 687 lectionem,
424 611 551 694 qualem
576 633 648 676 earn
672 612 767 676 nobis
791 613 927 693 praebet
940 613 1095 688 'Babrius,
1120 631 1140 675 a
1164 614 1277 694 princi-

212 719 267 800 pio
311 721 408 782 etiarn
452 721 542 801 apud
581 720 761 782 Phaedrum
801 721 964 782 exstitisse
1001 741 1141 803 eamque
1179 719 1278 783 fontis

212 826 359 908 Aesopei
383 827 490 892 fuisse.

318 933 364 996 Vt
399 934 551 1010 fabulam,
582 957 671 1017 'quae
705 935 747 998 de
775 937 895 1016 nuptiis
918 934 1005 998 Solis
1028 946 1087 1011 est,
1112 937 1156 1000 ita
1180 937 1278 999 etiam

211 1063 293 1118 eam,
319 1061 403 1123 quae
427 1044 468 1104 de
492 1063 570 1105 rana
594 1053 627 1105 et
650 1043 736 1104 boue
757 1042 926 1123 profertur,
944 1045 1087 1124 corrupit
1103 1043 1276 1106 Phaedrus.

212 1148 299 1231 Quin
323 1149 427 1212 forma
450 1150 608 1232 Aesopea
631 1152 719 1232 apud
742 1151 896 1212 Babrium
921 1159 1037 1224 exstet,
1055 1151 1189 1214 dubium
1206 1171 1277 1214 esse

211 1277 277 1318 non
311 1268 429 1337 potest,
454 1278 554 1338 quum
579 1257 735 1320 Horatius
759 1258 895 1320 eandem
922 1256 1063 1320 fabulam
1088 1257 1156 1322 Sat.
1181 1259 1220 1334 ΙΙ,
1248 1275 1276 1338 3,

213 1381 277 1442 314
300 1365 417 1426 eodem
442 1366 543 1427 modo
566 1386 631 1446 quo
648 1365 784 1427 Babrius
802 1367 987 1428 narrauerit.
1017 1364 1126 1427 Facile
1142 1376 1278 1448 apparet

212 1471 392 1534 Phaedrum
426 1471 568 1557 fabulam
592 1473 634 1534 ad
660 1473 880 1552 promythium
906 1474 1126 1553 praepositum
1152 1493 1278 1536 accom-

211 1579 346 1642 modare
380 1577 531 1655 uoluisse,
567 1601 632 1660 quo
662 1579 783 1641 facturn
808 1591 857 1642 est
880 1590 915 1642 ut
938 1581 1062 1642 inuidia
1084 1601 1183 1643 causa
1206 1601 1278 1642 esse

211 1688 379 1774 diceretur,
416 1707 473 1748 cur
507 1707 585 1750 rana
613 1708 685 1750 sese
708 1686 860 1750 sufflaret.
908 1688 945 1750 In
970 1687 1067 1762 fonte,
1092 1690 1148 1770 qui
1173 1709 1277 1750 narra-

210 1777 352 1876 tionibus
376 1794 558 1857 Babrianae
582 1804 614 1856 et
638 1794 840 1868 Horatianae
863 1795 985 1872 subest,
1003 1815 1042 1857 ea
1059 1796 1183 1858 ratione
1200 1797 1278 1858 rana

211 1912 314 1964 mater
344 1922 420 1964 sese
453 1901 605 1976 susflauit,
632 1911 667 1963 ut
690 1885 786 1964 sciret
809 1914 931 1984 quanta
954 1913 1040 1978 esset
1063 1902 1168 1978 belua,
1194 1923 1278 1986 quae

212 2008 317 2090 pullos
340 2029 417 2071 suos
442 2011 526 2090 pede
549 2010 729 2090 pressisset.
770 2010 845 2090 Ipse
860 2011 968 2073 exitus
985 2009 1113 2072 fabulae
1130 2010 1277 2073 Phaedri·

211 2137 292 2180 anae
315 2137 336 2178 a
359 2115 469 2178 fabula
493 2115 649 2196 Aesopea
673 2117 865 2198 primigenia
888 2118 1050 2192 abhorret,
1072 2138 1169 2198 quum
1188 2138 1277 2198 prae-

211 2225 353 2305 cipiendi
388 2224 497 2286 studio
532 2234 715 2286 commotus
739 2233 854 2286 auctor
877 2245 988 2286 ranam
1013 2245 1048 2286 se
1072 2236 1275 2306 rumpentem

212 2330 318 2406 iaciat,
340 2341 375 2394 ut
399 2330 593 2412 comprobet
617 2341 842 2412 praeceptum:
872 2332 991 2412 »inops
1015 2341 1181 2412 potentem
1199 2333 1277 2394 durn

211 2437 279 2500 uuit
301 2439 418 2501 imitari
443 2439 553 2519 perit.»
604 2438 740 2501 Babrius
763 2449 796 2500 et
813 2439 968 2500 Horatius
984 2441 1026 2501 de
1042 2441 1131 2501 exitu
1148 2439 1278 2502 iabuiae

210 2547 293 2608 iuter
314 2566 350 2608 se
374 2547 580 2608 consentiunt
604 2531 684 2607 haec
708 2545 923 2626 proferentes:
971 2566 979 2570 ··

211 2689 321 2752 Babr.:
372 2689 526 2751 »θᾶσσον
550 2687 715 2769 σεαυτήν»
744 2689 838 2751 εἷπον
866 2690 923 2751 »ἐκ
948 2689 1053 2771 μέσου
1079 2688 1202 2770 ῥήξεις,

370 2797 390 2877 ἢ
415 2795 475 2878 τὴν
499 2796 631 2860 ἐκείνου
655 2795 852 2876 ποσσότητα
876 2795 1031 2880 μιμήσῃ».
1055 2824 1100 2856 z

211 2941 325 3003 Horat.
372 2990 579 3004 .......
606 2940 682 3004 Non
705 2942 733 3002 si
756 2950 789 3002 te
812 2941 944 3022 ruperis¹
970 2941 1083 3021 iuquit,

370 3048 430 3110 Par
453 3048 516 3110 eris
533 3033 564 3109 ζ’
572 3097 1114 3112 .................

316 3190 362 3254 Vt
390 3191 453 3254 fab.
479 3191 613 3255 Phaedr.
639 3192 695 3267 IV,
720 3192 741 3253 6
766 3191 913 3256 Havetus
937 3201 1068 3255 auctore
1092 3192 1277 3256 Burmanno

210 3299 379 3362 contendit
417 3299 587 3380 parodiam
631 3300 832 3381 »grandioris
866 3300 997 3380 spiritus
1032 3310 1064 3362 et
1099 3301 1277 3363 maiestatis

212 3408 373 3487 tragicae»
402 3425 483 3481 esse,
508 3408 552 3468 ita
576 3406 708 3469 Crusius
733 3403 842 3490 (Babr.
860 3417 921 3469 aet.
935 3427 1010 3488 pag.
1033 3405 1105 3491 150)
1123 3407 1277 3470 nonnulla

210 3514 311 3586 affert,
337 3535 421 3596 quae
445 3515 661 3595 comprobent
681 3515 776 3577 Babr.
797 3531 833 3594 31
855 3515 1025 3596 parodiam
1042 3535 1114 3577 esse
1130 3515 1276 3578 Homeri-

209 3642 320 3686 carum
360 3641 551 3703 pugnarum.
600 3621 876 3685 Verisimiliimum
912 3624 1008 3703 igitur
1043 3624 1171 3685 uidetur
1205 3634 1292 3686 esse

210 3739 379 3811 utrumque
415 3740 581 3792 auctorem
617 3729 793 3811 exemplar,
819 3730 907 3812 quod
933 3731 1006 3792 ioco
1032 3730 1162 3813 risuque
1186 3751 1277 3814 argu·

209 3848 355 3900 mentum
380 3839 535 3919 grandius
558 3839 743 3912 imitaretur,
769 3849 916 3900 secutum
941 3857 1022 3900 esse.
1070 3838 1207 3901 Babrius
1226 3838 1277 3901 iile

209 3945 341 4027 quidem
366 3965 464 4026 quum
489 3943 558 4006 aliis
581 3965 712 4027 quoque
736 3945 815 4007 locis
832 3945 883 4031 (cs.
902 3945 992 4009 (Irus,
1011 3944 1029 4007 i.
1048 3945 1079 4029 1.)
1097 3946 1275 4009 Homerum

208 4053 352 4115 imitatus
368 4053 418 4128 sit,
436 4053 467 4115 in
484 4051 663 4134 exemplari
675 4053 838 4115 tradendo
851 4053 892 4115 ad
907 4073 1052 4134 pugnam
1066 4054 1274 4116 Homericam

208 4161 399 4222 imitandam
435 4171 618 4222 commotus
653 4171 724 4242 est.⁴
760 4161 933 4236 Phaedrus
969 4161 1022 4242 qui
1060 4183 1125 4224 non
1153 4161 1276 4224 tamin
