3244 4868
767 399 940 465 „70-

323 621 418 663 mune
454 620 562 663 tamen
595 599 644 661 his
667 599 818 661 omnibus
842 598 958 661 sabulis
981 599 1087 662 inesse
1110 619 1152 660 ex
1177 599 1255 679 ipsis
1280 598 1388 660 uerbis

321 709 352 770 in
388 709 426 770 iis
450 706 603 770 adhibitis
626 726 871 788 nonnumquam
895 705 1047 787 colligere
1071 705 1156 782 licet,
1180 715 1215 767 ut
1240 705 1388 768 Havetus

322 817 353 878 in
388 815 531 877 editione
566 813 767 876 Phaedriana
801 833 877 896 pag.
920 829 956 894 17
989 813 1079 889 adl,
1110 829 1148 892 14
1172 833 1254 886 uers.
1280 815 1319 876 ’11
1347 814 1390 875 de

322 917 429 985 uerbis
452 920 580 984 fabulae
604 919 712 984 Halm.
739 921 793 1001 78⁶
820 923 898 1001 »τῆς
921 922 987 984 τῶν
1009 922 1133 1000 ἰατρῶν
1148 920 1284 1000 τέχνης»
1304 939 1390 982 com·

324 1039 492 1092 memorat.
511 1028 614 1090 Multo
630 1038 739 1092 tamen
758 1028 874 1090 clarius
891 1030 1058 1109 quomodo
1075 1029 1158 1092 inter
1170 1049 1205 1090 se
1219 1047 1389 1090 connexae

323 1139 388 1200 sint
423 1137 485 1199 hae
518 1135 645 1198 sabulae
680 1156 721 1198 ex
758 1136 894 1199 Phaedri
926 1137 948 1212 l,
990 1153 1028 1214 14
1052 1145 1085 1198 et
1108 1136 1203 1199 Babr.
1230 1149 1269 1216 75
1296 1135 1391 1197 nobis

322 1245 432 1307 uidere
470 1242 553 1319 licet,
593 1263 677 1325 quae
712 1244 864 1325 quamuis
900 1244 931 1304 in
967 1252 1158 1325 argumento
1194 1242 1391 1324 proferendo

322 1353 405 1414 inter
438 1372 474 1414 se
507 1351 714 1424 abhorreant,
750 1360 864 1412 tamen·
888 1352 1025 1432 uestigia
1049 1352 1232 1413 eommunis
1256 1351 1391 1432 originis

206 1461 208 1465 ’
322 1469 505 1536 seruarunt;
530 1458 570 1521 cf.

322 1567 417 1628 Babr.
444 1579 494 1646 75,
522 1583 578 1629 20:
649 1563 969 1648 ·κὰπώμοσάὺτοῖς,
999 1565 1050 1628 ὅτι
1066 1561 1109 1628 σὺ
1125 1569 1200 1642 ταῖς
1213 1563 1389 1645 ἀληθείαις

665 1671 783 1752 ἰατρὸς
806 1673 871 1734 οὐκ
894 1671 924 1734 si
947 1672 1004 1734 καὶ
1027 1673 1133 1756 μάτην
1148 1670 1332 1759 διεβλήθης
1350 1697 1392 1731 =

323 1781 457 1843 Phaedr.
476 1781 499 1856 Ι,
519 1798 566 1859 14,
586 1797 639 1843 10:
665 1781 798 1842 Timore
830 1781 942 1842 mortis
972 1780 1024 1843 ille
1055 1791 1122 1843 tum
1151 1780 1319 1844 consessus
1342 1791 1391 1844 est

667 1888 742 1949 Non
767 1889 844 1949 artis
869 1886 933 1950 ulla
956 1888 1102 1950 medicae
1126 1909 1162 1950 se
1186 1888 1367 1969 prudentia,

658 1995 789 2057 Verum
824 2004 957 2076 stupore
981 1995 1068 2077 uulgi
1093 1996 1213 2060 sactum
1238 1994 1389 2058 nobilem.

431 2102 640 2184 Quamquam
680 2103 776 2183 igitur
814 2103 856 2164 de
891 2102 995 2165 forma
1029 2105 1211 2184 argumenti
1247 2104 1391 2184 Aesopei

287 2233 289 2237 ·
323 2209 402 2273 nihil
434 2220 576 2273 statuere
600 2211 714 2284 ausim,
739 2219 847 2272 tamen
872 2209 1024 2273 Babrium
1048 2213 1155 2292 ipsum
1179 2211 1263 2274 hanc
1287 2231 1391 2272 narra-

323 2319 445 2381 tionem
481 2319 562 2380 inter
584 2315 712 2380 fabulas
735 2331 811 2378 suas
835 2317 1008 2399 Aesopeos
1032 2320 1194 2399 recepisse
1217 2329 1249 2380 et
1272 2339 1315 2380 ex
1339 2316 1391 2379 illa

324 2446 397 2488 cum
434 2425 572 2487 Phaedri
600 2426 812 2505 congruentia
836 2424 1098 2488 concludendum
1123 2446 1194 2487 esse
1218 2445 1335 2501 censeo
1360 2435 1392 2486 et

325 2531 410 2608 inde,
436 2532 525 2614 quod
551 2532 767 2613 fragmentum
792 2531 988 2613 dactylicum
1013 2534 1034 2594 6
1058 2534 1100 2596 ad
1122 2534 1207 2596 idem
1225 2551 1392 2613 argumen-

325 2651 395 2702 tum
430 2641 594 2721 pertinens
629 2640 845 2702 narrationem
882 2640 990 2702 Babrii
1017 2640 1114 2722 plane
1138 2641 1229 2721 sequi
1254 2640 1390 2703 uidetur.

325 2746 359 2811 Si
376 2749 474 2828 igitur
490 2746 671 2827 fragmenta
688 2747 729 2808 ad
746 2748 924 2810 imitatores
941 2747 1047 2810 Babrii
1065 2750 1234 2829 pertinent,
1249 2749 1393 2829 sequitur

325 2853 466 2917 fabulam
490 2854 522 2916 in
547 2855 654 2934 priore
678 2852 760 2916 libro
784 2855 962 2930 exstitisse;
988 2857 1037 2917 sin
1061 2857 1176 2928 minuS,
1202 2856 1243 2918 ad
1268 2855 1391 2917 sontem

325 2981 531 3024 communem
556 2963 780 3042 antiquiorem,
805 2963 892 3024 unde
916 2963 1014 3024 etiarn
1039 2963 1203 3025 Phaedrus
1227 2964 1258 3024 iu
1284 2960 1392 3024 sabula

324 3089 383 3131 sua
419 3069 648 3150 componenda
684 3068 836 3132 nonnulla
860 3070 977 3145 hausit,
1003 3071 1216 3151 congruentia
1240 3069 1292 3131 illa
1316 3069 1391 3132 rel·

325 3177 425 3240 renda
448 3186 506 3238 est.

432 3281 576 3346 Fabulae
599 3284 695 3347 Babr.
722 3286 764 3347 86
788 3295 821 3346 et
850 3297 907 3363 115
934 3286 1031 3347 etiam
1056 3305 1128 3347 eam
1153 3285 1280 3346 obrem
1298 3283 1392 3346 nobis

325 3389 632 3454 commemorandae
666 3401 751 3467 sunt,
788 3392 878 3474 quod
908 3412 1007 3473 quum
1031 3393 1064 3454 in
1087 3393 1216 3473 seriptis
1239 3391 1392 3454 naturalis

325 3499 477 3561 historiae
501 3498 604 3560 forma
621 3510 746 3563 mutata
763 3509 939 3574 narrentur,
958 3499 1134 3563 ostendunt
1150 3500 1391 3574 commercium,

326 3616 360 3668 ut
391 3607 435 3668 ita
459 3605 576 3682 dicam,
602 3606 700 3670 fuisse
724 3605 902 3669 fabularum
928 3607 1010 3669 inter
1033 3606 1241 3669 collectiones
1266 3607 1393 3688 Aesopi

326 3723 359 3775 et
389 3715 564 3795 scriptores
600 3713 754 3777 naturalis
784 3713 948 3776 historiae.
996 3713 1031 3776 Si
1055 3713 1145 3776 locos
1169 3713 1240 3776 illos
1263 3713 1392 3787 multos

326 3822 357 3882 in
394 3821 511 3903 quibus
545 3824 683 3885 occurrit
715 3822 811 3883 Babr.
838 3822 889 3895 86,
915 3822 1217 3897 examinauerimus,
1243 3821 1392 3896 elucebit,

326 3916 433 4005 cred0,
460 3930 611 3993 Babrium
635 3932 667 3992 in
691 3929 875 3991 narratione
898 3949 957 3991 sua
981 3928 1080 3991 multa
1101 3931 1291 4006 seruauisse,
1309 3950 1393 4012 quae

325 4038 368 4099 ad
391 4037 559 4118 exemplar
583 4036 710 4099 fabulae
734 4037 896 4118 antiquius
912 4035 1020 4098 referri
1037 4039 1172 4118 possint.
1199 4037 1235 4099 Id
1253 4038 1392 4118 primum

325 4145 586 4208 animaduersum
617 4144 711 4207 uelim
736 4142 856 4206 nullam
880 4145 1067 4224 propiorem
1091 4147 1281 4210 societatem
1308 4147 1390 4209 inter
