3260 4882
708 393 935 488 -155-'

275 645 347 686 cum
385 623 503 684 Babrio
527 643 710 704 congruens
735 619 787 706 (cf.
813 624 864 686 ed.
891 623 981 685 Crus.
1007 643 1038 703 p.
1065 620 1117 705 23)
1141 622 1182 682 de
1206 620 1283 684 Sole
1307 631 1338 683 et

273 729 439 812 Aquilone
474 729 616 792 fabulam
652 731 801 805 narrauit,
838 730 974 792 Babrius
1009 730 1148 810 denique
1179 729 1249 810 ipse
1274 728 1352 792 fab..

273 851 309 917 71
339 837 429 900 Mare
453 849 485 900 et
513 853 572 911 127
591 838 769 900 Veritatem
791 837 922 899 inducit.
964 837 1041 898 Eius
1058 837 1184 917 generis
1201 836 1337 917 figuram

246 955 480 1032 'personatam
516 947 625 1026 potius
659 964 757 1026 quam
792 946 888 1006 deam
924 945 1021 1007 etiam
1057 943 1205 1024 Tycham
1232 943 1337 1006 Babrii

272 1073 343 1114 esse
367 1053 563 1114 credendum
581 1062 639 1114 est.
677 1051 722 1114 Vt
738 1063 847 1114 autem
865 1063 972 1114 cetera
988 1072 1120 1134 quoque
1136 1059 1336 1132 argumenta,
1356 1079 1365 1098 ·

271 1181 355 1242 quae
390 1159 522 1222 Crusius
556 1159 663 1242 (Babr.
701 1170 762 1222 aet.
799 1179 874 1241 pag.
906 1161 1095 1238 231-237)
1120 1160 1162 1220 ad
1187 1158 1338 1220 Babrium

271 1266 461 1349 religionum
496 1277 755 1348 contemptorem
781 1266 910 1341 rettulit,
937 1275 1173 1340 recenseantur,
1200 1265 1337 1346 primum

272 1372 397 1437 fabulas
421 1375 502 1437 duas
528 1391 569 1453 30
592 1385 625 1436 et
653 1392 723 1453 119,
750 1376 781 1436 in
806 1373 922 1455 quibus
948 1373 1124 1436 Mercurius
1141 1373 1336 1454 producitur,

263 1492 515 1559 commemorat,
533 1482 651 1562 quibus
667 1493 776 1544 tamen
794 1467 994 1543 narrationes
1010 1479 1166 1561 gemellas
1180 1481 1212 1543 in
1226 1479 1339 1542 collec-

271 1591 359 1651 tione
384 1589 491 1652 Halm.
517 1591 660 1652 inuenire
685 1587 814 1651 difficile
838 1609 903 1650 non
927 1590 995 1661 erit,
1017 1589 1103 1650 unde
1118 1587 1337 1670 colligendum
1444 1667 1446 1672 ι

271 1708 319 1758 est
357 1695 438 1758 tales
477 1698 677 1759 narrationes
712 1699 745 1758 in
780 1695 864 1758 ludis
898 1697 1060 1758 rhetorum
1097 1693 1337 1777 uulgatissimas
1412 1715 1414 1720 ·

271 1803 368 1866 fuisse
403 1823 509 1886 neque
544 1811 662 1885 poetae
697 1815 819 1879 nostro,
849 1806 905 1866 sed
930 1814 1039 1866 sectae
1063 1823 1202 1884 magnae
1226 1804 1337 1867 nescio

270 1913 320 1973 cui
359 1910 574 1973 fabulatorum
614 1910 677 1973 late
717 1911 853 1974 diffusae
892 1911 1013 1974 deberi.
1067 1910 1166 1992 Quod
1205 1910 1337 1974 Crusius

269 2019 394 2080 monuit
430 2018 582 2081 Babrium
618 2019 682 2082 sab.
722 2035 762 2097 30
787 2019 928 2080 Hermas
952 2018 1089 2082 ludibrio
1114 2019 1243 2093 habere,
1270 2037 1335 2080 non

271 2127 349 2188 uidit
385 2136 577 2207 argumento
602 2124 698 2206 plane
721 2125 856 2188 similem
882 2145 954 2188 esse
979 2126 1042 2189 fab.
1069 2125 1177 2188 Halm.
1208 2139 1277 2204 137,
1304 2126 1335 2187 in

271 2253 334 2314 qua
375 2233 535 2295 Mercurio
570 2234 697 2314 roganti
733 2235 843 2314 quanti
879 2233 1020 2314 effigiem
1056 2253 1147 2295 suam
1172 2233 1337 2306 uenderet,

269 2339 425 2421 sculptor:
477 2339 531 2403 »Si
551 2341 674 2421 Jouis»,
700 2341 813 2422 inquit,
843 2351 893 2402 »et
913 2341 1049 2421 Junonis
1072 2351 1196 2403 statuas
1212 2340 1336 2414 emeris,

270 2447 418 2509 Mercurii
443 2449 543 2531 gratis
568 2447 625 2509 tibi
659 2448 824 2510 donabo».
873 2447 980 2510 Etiam
1005 2447 1146 2510 fabulam
1172 2446 1280 2509 Halm.
1308 2463 1336 2522 2,

270 2542 354 2635 quae
393 2575 466 2617 cum
514 2555 632 2617 Babrio
667 2575 840 2618 commune
875 2555 974 2618 habet
1009 2556 1098 2636 quod
1134 2556 1166 2617 in
1203 2564 1338 2635 utraque

268 2661 368 2724 homo
404 2662 561 2724 Hermam
593 2661 740 2724 uenalem
766 2664 938 2743 prostituit,
964 2664 1006 2724 ad
1030 2662 1155 2744 effigies
1179 2661 1248 2724 illas
1272 2662 1335 2724 irri-

268 2770 392 2830 dendas
427 2770 587 2850 pertinere
621 2790 663 2832 ex
691 2770 755 2832 fine
780 2769 909 2832 fabulae
933 2781 1080 2851 apparet,
1105 2769 1159 2830 ubi
1184 2769 1334 2832 uenditor

268 2877 345 2938 dicit
381 2897 416 2938 se
452 2876 618 2953 Hermam,
657 2879 834 2959 imaginem
869 2877 1052 2953 salutarem,
1078 2878 1219 2939 uendere
1243 2875 1334 2951 uelle,

269 2985 357 3064 quod
397 2985 467 3064 ipse
506 2983 601 3047 celeri
640 2985 785 3048 subsidio
825 2997 944 3066 egeret,
985 2987 1065 3058 deus
1100 2996 1208 3047 autern
1244 2985 1337 3048 tarde
1390 2977 1391 2980 '

268 3111 453 3152 succurrere
488 3090 614 3154 soleret.
664 3091 821 3155 Fabulam
859 3093 953 3155 Babr.
995 3110 1056 3171 119
1092 3113 1168 3154 uere
1204 3093 1335 3173 impiam
1365 3137 1367 3142 -

268 3219 339 3260 esse
375 3197 489 3261 Crusio
524 3201 671 3277 assentiri
707 3220 840 3262 necesse
864 3202 932 3273 erit,
958 3202 1015 3262 sed
1039 3221 1081 3262 ne
1104 3201 1179 3262 huic
1202 3200 1336 3281 quidem

268 3307 443 3368 narrationi
482 3309 732 3387 componendae
767 3307 935 3390 exemplar
970 3318 1195 3389 argumentum
1232 3307 1335 3369 simile

268 3413 435 3494 proferens
474 3413 615 3476 defuisse
653 3425 686 3476 et
721 3424 833 3476 auctor
867 3417 937 3498 ipse
972 3415 1103 3478 Crusius
1138 3427 1197 3491 est,
1235 3435 1334 3497 quum

268 3521 375 3600 (Babr.
411 3533 473 3585 aet.
510 3542 541 3603 p.
580 3539 642 3601 232
680 3523 754 3585 adn.
796 3521 823 3606 1)
850 3524 927 3584 dicit
955 3525 1204 3605 »imperatorum
1228 3533 1336 3586 aetate

266 3628 388 3690 factum
412 3649 484 3692 esse
506 3640 541 3692 ut
558 3629 683 3710 uulgus,
702 3651 774 3692 cum
792 3650 842 3692 res
858 3631 964 3692 minus
981 3651 1135 3712 prospere
1152 3632 1334 3704 cessissent,

266 3735 437 3798 simulacra
473 3737 608 3799 deornm
644 3739 827 3818 castigaret,
864 3738 1017 3814 abiceret,
1047 3738 1279 3820 diffringeret»,
1304 3749 1336 3800 et

267 3863 308 3904 ex
333 3843 403 3906 aliis
427 3843 545 3906 fabulis
568 3855 716 3926 apparet,
742 3865 826 3926 quae
842 3848 1019 3908 ostendunt
1037 3845 1232 3908 Mercurium
1250 3846 1336 3909 haud

267 3969 339 4012 raro
364 3953 436 4013 ioco
461 3962 492 4013 et
516 3953 591 4014 risui
616 3953 730 4033 populi
745 3952 926 4015 obnoxium
945 3953 1051 4016 fuisse.
1080 3953 1126 4015 Vt
1142 3952 1205 4016 fab.
1224 3953 1333 4017 Halm.

269 4071 329 4137 315
358 4059 462 4122 uiator
485 4079 584 4140 quum
608 4059 774 4141 professus
798 4072 885 4123 esset
908 4081 953 4136 se,
979 4061 1136 4142 quidquid
1150 4062 1335 4138 inuenisset,

266 4167 432 4232 dimidiam
458 4167 526 4230 eius
551 4177 675 4253 partem
701 4167 862 4236 Mercurio
875 4168 1125 4235 sacrificaturum
1147 4189 1227 4244 csse,
1247 4189 1336 4252 pera,
