3244 4868
774 396 951 461 ..74-

326 597 513 658 memoratis
548 595 681 676 originis
716 596 873 677 impressa
907 606 966 671 est,
1003 615 1087 676 quae
1121 615 1160 658 ea
1195 616 1326 678 quoque
1358 617 1393 660 re

326 703 542 779 confirmatur,
578 705 668 785 quod
703 714 852 766 auctores
876 703 1007 786 antiqui,
1032 712 1189 786 utsupra
1212 705 1334 792 monui,
1359 707 1392 769 in

325 812 388 874 hoc
412 821 605 892 argumento
628 813 799 873 tractando
823 810 922 893 longe
940 813 1022 874 inter
1037 831 1073 874 se
1089 811 1273 888 abhorrent,
1291 833 1390 894 quum

124 989 129 998 ¹
213 923 215 928 ’
326 921 356 981 in
394 918 508 981 fabulis
533 920 627 1000 primi
651 918 732 981 illius
756 921 884 1000 generis
908 919 1079 982 afferendis
1104 918 1293 1002 plerumque
1317 941 1392 989 con·

326 1036 451 1108 gruant.
500 1025 616 1088 Cetera
651 1047 782 1108 quoque
818 1026 946 1089 fabulae
980 1028 1074 1109 signa
1101 1028 1233 1108 propria
1256 1047 1329 1090 curn
1353 1029 1392 1092 iis

326 1135 533 1209 conueniunt,
574 1154 658 1215 quae
696 1135 738 1197 de
776 1135 922 1197 secundo
962 1133 1015 1196 illo
1054 1155 1173 1216 genere
1209 1135 1390 1200 fabularum

327 1242 553 1322 Aesopearum
590 1241 807 1304 Hausrathius
836 1263 867 1323 p.
894 1259 958 1322 309
982 1241 1097 1305 attulit.
1145 1243 1270 1306 Fabula
1294 1243 1389 1308 Babr.

330 1363 387 1429 115
425 1350 507 1411 sicut
547 1364 583 1429 17
620 1361 653 1412 et
688 1351 844 1430 personis,
881 1369 964 1432 quae
999 1351 1202 1426 inducuntur,
1227 1351 1335 1433 aquila
1358 1361 1391 1414 et

325 1457 489 1519 testudine
524 1477 543 1518 a
578 1457 750 1538 generibus
785 1459 1020 1539 antiquioribus
1055 1457 1183 1522 fabulae
1216 1458 1391 1540 Aesopeae

325 1565 499 1644 discrepat,
535 1574 567 1626 et
603 1564 671 1627 aliis
708 1586 839 1647 quoque
873 1566 999 1627 indiciis
1024 1565 1119 1628 nobis
1143 1565 1295 1647 colligere
1318 1566 1391 1630 licet

326 1693 398 1734 eam
424 1674 465 1734 ad
490 1673 639 1753 prodigia
662 1672 715 1734 illa
739 1671 892 1735 naturalis
916 1673 1078 1747 historiae,
1104 1693 1187 1754 quae
1204 1675 1236 1736 in
1253 1653 1405 1736 collecti-1

326 1800 406 1842 ones
449 1779 622 1861 Aesopeas
666 1782 845 1861 posteriore
885 1791 1032 1862 ternpore
1074 1782 1239 1862 irrepsisse
1280 1772 1392 1845 statuit

327 1888 542 1950 Hausrathius
565 1887 585 1951 l.
610 1887 628 1950 l.
654 1908 685 1968 p.
713 1905 786 1968 309,
808 1888 1008 1950 referendam
1026 1909 1106 1951 esse.
1133 1889 1232 1951 Vnde
1248 1891 1392 1971 sequitur

326 1995 478 2057 Babrium
514 1997 598 2058 sicut
632 1997 729 2058 etiam
766 1996 944 2058 Phaedrum
980 1997 1012 2058 in
1038 1995 1126 2058 sonte
1149 2017 1208 2058 suo
1233 1997 1391 2080 Aesopeo

327 2102 452 2164 fabulas
476 2104 559 2164 tertii
584 2123 714 2184 quoque
732 2104 763 2165 H
766 2105 919 2166 ausrathii
936 2106 1064 2185 generis
1081 2105 1251 2179 inuenisse,
1269 2106 1311 2167 de
1327 2125 1391 2186 qua
1425 2189 1427 2196 Ι

325 2231 359 2272 re
392 2210 474 2272 insra
498 2211 641 2291 pluribus
665 2211 889 2292 disputabitur.
938 2212 999 2274 His
1023 2213 1119 2292 igitur
1141 2213 1293 2275 omnibus
1316 2232 1391 2275 con·

325 2318 473 2380 sideratis
509 2339 575 2380 non
611 2318 745 2380 dubium
780 2340 851 2382 esse
880 2328 988 2400 potest
1012 2321 1089 2402 quin
1115 2321 1212 2382 etiam
1236 2321 1274 2382 iis
1298 2340 1390 2402 argu·

326 2427 442 2488 mentis
477 2426 596 2488 Babrio
632 2447 705 2488 cum
742 2427 931 2512 fragmentis
960 2419 1128 2508 dactylicis
1152 2429 1389 2504 communibus

326 2555 410 2617 quae
445 2535 533 2615 apud
568 2534 748 2598 Phaedrum
783 2537 910 2610 desunt,
945 2535 1017 2597 sons
1041 2535 1215 2616 Aesopeos
1239 2537 1391 2618 antiquus

326 2642 441 2724 aliquis
464 2643 576 2718 subsit,
602 2663 707 2724 neque
730 2645 840 2724 magni
865 2645 1020 2705 interesse
1044 2661 1162 2705 censeo
1186 2653 1292 2706 utrum
1310 2643 1390 2725 frag·

326 2763 507 2814 mentorum
544 2761 692 2812 auctores
727 2753 832 2832 ipsum
858 2750 1009 2814 Babrium
1038 2749 1324 2832 transscripserint,
1349 2772 1390 2814 an

325 2860 394 2920 eius
429 2858 614 2940 exemplum
650 2860 753 2921 secuti
789 2869 981 2940 argumenta
1016 2879 1058 2920 ex
1083 2857 1211 2939 sylloge
1234 2859 1391 2940 Aesopea

325 2968 457 3048 antiqua
480 2967 541 3029 sibi
564 2968 768 3048 sumpserint.
817 2967 884 3029 Iam
909 2987 1006 3048 supra
1029 2967 1141 3029 monui
1166 2963 1313 3030 Crusium
1338 2965 1391 3051 (de

269 3114 272 3119 -
325 3073 420 3136 Babr.
457 3085 518 3136 aet.
555 3095 630 3156 pag.
669 3076 745 3156 240)
780 3076 932 3137 statuisse
967 3075 1045 3137 satis
1077 3072 1210 3155 longum
1234 3076 1391 3155 temporis

325 3182 464 3262 spatium
489 3161 571 3244 inter
594 3183 732 3263 priorem
758 3192 791 3244 et
814 3183 1025 3263 posteriorem
1046 3181 1153 3244 Babrii
1170 3181 1268 3244 libros
1285 3183 1390 3244 editos

325 3291 525 3352 interiectum
551 3310 635 3367 esse3
661 3292 746 3352 unde
768 3288 961 3352 concludere
977 3289 1051 3353 licet
1067 3300 1216 3353 auctores
1232 3290 1389 3374 fragmen-

325 3407 431 3459 torum
466 3396 709 3478 dactylicorum,
746 3399 774 3460 si
808 3417 842 3460 re
872 3417 948 3460 uera
972 3398 1080 3460 Babrii
1103 3399 1282 3460 imitatores
1304 3407 1388 3474 sunt,

233 3576 235 3580 ¹
325 3526 423 3586 quum
444 3504 580 3568 Babrius
596 3505 730 3568 alterum
746 3527 841 3568 suum
858 3504 973 3568 librum
990 3507 1022 3568 in
1039 3504 1202 3587 publicum
1219 3507 1389 3581 emitteret,

325 3614 388 3675 iarn
412 3633 524 3676 uersus
547 3635 692 3696 pangere
716 3615 887 3676 destitisse.
935 3614 1020 3675 Nam
1044 3621 1160 3694 po'etas
1183 3611 1254 3675 illos
1271 3613 1390 3676 Babrio

325 3721 520 3802 posteriores
559 3721 656 3785 fuisse
695 3722 826 3784 credere
865 3740 903 3781 ea
943 3720 1064 3782 scilicet
1102 3741 1136 3782 re
1171 3721 1388 3801 prohibemur,

325 3828 411 3911 quod
437 3831 464 3890 si
488 3829 632 3906 fuissent,
658 3829 744 3891 haud
769 3829 867 3890 dubie
887 3829 954 3890 eius
971 3827 1158 3909 exemplum
1174 3829 1275 3890 secuti
1292 3828 1389 3890 etiam

325 3936 422 4000 libros
447 3935 625 3999 fabularum
651 3958 669 3998 a
694 3936 876 4020 rhetoribus
899 3937 1100 4017 compositos
1124 3937 1156 3997 in
1180 3955 1273 3998 usum
1297 3955 1390 3997 suum

325 4047 569 4108 conuertissent.
622 4045 683 4106 His
719 4046 815 4125 igitur
849 4045 954 4105 causis
989 4044 1148 4106 adductus
1183 4044 1390 4106 statuendum

325 4172 397 4214 esse
431 4172 549 4215 censeo
584 4153 682 4213 etiam
718 4150 844 4214 fabulas
880 4152 911 4212 in
946 4151 1009 4212 hoc
1039 4153 1150 4232 capite.
1169 4160 1324 4213 tractatas
1348 4151 1390 4212 ad

326 4261 464 4340 priorem
489 4259 596 4322 Babrii
620 4258 735 4321 librum
760 4257 999 4320 transferendas
1023 4279 1104 4321 esse.
