<?xml version="1.0" encoding="UTF-8"?>
<!DOCTYPE html PUBLIC "-//W3C//DTD XHTML 1.0 Transitional//EN"
    "http://www.w3.org/TR/xhtml1/DTD/xhtml1-transitional.dtd">
<html xmlns="http://www.w3.org/1999/xhtml" xml:lang="en" lang="en">
 <head>
  <title>
</title>
<meta http-equiv="Content-Type" content="text/html;charset=utf-8" />
  <meta name='ocr-system' content='tesseract 3.04.00' />
  <meta name='ocr-capabilities' content='ocr_page ocr_carea ocr_par ocr_line ocrx_word'/>
</head>
<body>
  <div class='ocr_page' id='page_1' title='image "./stvdiadefontibv00chrigoog_0067.png"; bbox 0 0 3244 4868; ppageno 0'>
   <div class='ocr_carea' id='block_1_1' title="bbox 680 379 856 448">
    <p class='ocr_par' dir='ltr' id='par_1_1' title="bbox 680 379 856 448">
     <span class='ocr_line' id='line_1_1' title="bbox 680 379 856 448; baseline 0.006 -35"><span class='ocrx_word' id='word_1_1' title='bbox 680 379 856 448; x_wconf 42' lang='grc' dir='ltr'>ψ.</span> 
     </span>
    </p>
   </div>
   <div class='ocr_carea' id='block_1_2' title="bbox 188 581 1297 4215">
    <p class='ocr_par' dir='ltr' id='par_1_2' title="bbox 188 581 1297 3038">
     <span class='ocr_line' id='line_1_2' title="bbox 230 581 1295 664; baseline 0.004 -20"><span class='ocrx_word' id='word_1_2' title='bbox 230 582 282 656; x_wconf 87' lang='lat'>66,</span> <span class='ocrx_word' id='word_1_3' title='bbox 319 597 372 659; x_wconf 89' lang='lat'>94,</span> <span class='ocrx_word' id='word_1_4' title='bbox 402 597 472 656; x_wconf 87' lang='lat'>102,</span> <span class='ocrx_word' id='word_1_5' title='bbox 503 597 561 660; x_wconf 86' lang='lat'>103</span> <span class='ocrx_word' id='word_1_6' title='bbox 587 591 768 656; x_wconf 88' lang='lat' dir='ltr'>occurrunt,</span> <span class='ocrx_word' id='word_1_7' title='bbox 794 581 926 644; x_wconf 89' lang='lat' dir='ltr'>Crusius</span> <span class='ocrx_word' id='word_1_8' title='bbox 949 581 1081 664; x_wconf 83' lang='lat' dir='ltr'>collegit</span> <span class='ocrx_word' id='word_1_9' title='bbox 1104 593 1136 646; x_wconf 94' lang='lat' dir='ltr'>et</span> <span class='ocrx_word' id='word_1_10' title='bbox 1160 587 1295 650; x_wconf 90' lang='lat' dir='ltr'>notauit.</span> 
     </span>
     <span class='ocr_line' id='line_1_3' title="bbox 230 687 1296 771; baseline 0.003 -20"><span class='ocrx_word' id='word_1_11' title='bbox 230 688 286 751; x_wconf 89' lang='lat' dir='ltr'>Ad</span> <span class='ocrx_word' id='word_1_12' title='bbox 318 688 366 764; x_wconf 86' lang='lat' dir='ltr'>ea,</span> <span class='ocrx_word' id='word_1_13' title='bbox 391 708 475 769; x_wconf 88' lang='lat' dir='ltr'>quae</span> <span class='ocrx_word' id='word_1_14' title='bbox 498 687 615 764; x_wconf 88' lang='lat' dir='ltr'>attulit,</span> <span class='ocrx_word' id='word_1_15' title='bbox 640 690 761 752; x_wconf 82' lang='lat' dir='ltr'>addere</span> <span class='ocrx_word' id='word_1_16' title='bbox 785 689 883 752; x_wconf 91' lang='lat' dir='ltr'>uelim</span> <span class='ocrx_word' id='word_1_17' title='bbox 907 689 1035 771; x_wconf 86' lang='lat' dir='ltr'>praeter</span> <span class='ocrx_word' id='word_1_18' title='bbox 1057 689 1148 754; x_wconf 90' lang='lat' dir='ltr'>locos</span> <span class='ocrx_word' id='word_1_19' title='bbox 1172 689 1296 754; x_wconf 83' lang='lat' dir='ltr'>Aristo·</span> 
     </span>
     <span class='ocr_line' id='line_1_4' title="bbox 229 795 1297 882; baseline 0.005 -24"><span class='ocrx_word' id='word_1_20' title='bbox 229 795 304 859; x_wconf 89' lang='lat' dir='ltr'>telis·</span> <span class='ocrx_word' id='word_1_21' title='bbox 335 806 368 858; x_wconf 92' lang='lat' dir='ltr'>et</span> <span class='ocrx_word' id='word_1_22' title='bbox 403 795 580 860; x_wconf 87' lang='lat' dir='ltr'>Theocriti</span> <span class='ocrx_word' id='word_1_23' title='bbox 603 798 700 859; x_wconf 89' lang='lat' dir='ltr'>etiam</span> <span class='ocrx_word' id='word_1_24' title='bbox 735 799 819 859; x_wconf 89' lang='lat' dir='ltr'>duos</span> <span class='ocrx_word' id='word_1_25' title='bbox 852 797 979 860; x_wconf 85' lang='lat' dir='ltr'>Horatii</span> <span class='ocrx_word' id='word_1_26' title='bbox 1004 819 1116 861; x_wconf 91' lang='lat' dir='ltr'>uersus</span> <span class='ocrx_word' id='word_1_27' title='bbox 1140 801 1182 861; x_wconf 94' lang='lat' dir='ltr'>de</span> <span class='ocrx_word' id='word_1_28' title='bbox 1206 819 1297 882; x_wconf 87' lang='lat' dir='ltr'>argu·</span> 
     </span>
     <span class='ocr_line' id='line_1_5' title="bbox 229 899 1295 970; baseline 0.004 -4"><span class='ocrx_word' id='word_1_29' title='bbox 229 899 341 966; x_wconf 83' lang='lat' dir='ltr'>mento</span> <span class='ocrx_word' id='word_1_30' title='bbox 377 903 430 966; x_wconf 94' lang='lat' dir='ltr'>illo</span> <span class='ocrx_word' id='word_1_31' title='bbox 467 904 531 966; x_wconf 81' lang='lat' dir='ltr'>lab.</span> <span class='ocrx_word' id='word_1_32' title='bbox 568 904 663 967; x_wconf 85' lang='lat' dir='ltr'>Babr.</span> <span class='ocrx_word' id='word_1_33' title='bbox 706 921 764 968; x_wconf 89' lang='lat'>102</span> <span class='ocrx_word' id='word_1_34' title='bbox 797 905 1061 968; x_wconf 89' lang='lat' dir='ltr'>commemorare.</span> <span class='ocrx_word' id='word_1_35' title='bbox 1109 907 1184 970; x_wconf 90' lang='lat' dir='ltr'>Non</span> <span class='ocrx_word' id='word_1_36' title='bbox 1209 909 1295 970; x_wconf 90' lang='lat' dir='ltr'>enim</span> 
     </span>
     <span class='ocr_line' id='line_1_6' title="bbox 229 1011 1295 1096; baseline 0.003 -22"><span class='ocrx_word' id='word_1_37' title='bbox 229 1011 362 1074; x_wconf 90' lang='lat' dir='ltr'>dubium</span> <span class='ocrx_word' id='word_1_38' title='bbox 398 1021 447 1074; x_wconf 89' lang='lat' dir='ltr'>est</span> <span class='ocrx_word' id='word_1_39' title='bbox 480 1013 557 1093; x_wconf 93' lang='lat' dir='ltr'>quin</span> <span class='ocrx_word' id='word_1_40' title='bbox 581 1014 623 1076; x_wconf 92' lang='lat' dir='ltr'>de</span> <span class='ocrx_word' id='word_1_41' title='bbox 645 1012 819 1094; x_wconf 88' lang='lat' dir='ltr'>tranquillo</span> <span class='ocrx_word' id='word_1_42' title='bbox 842 1012 897 1076; x_wconf 95' lang='lat' dir='ltr'>illo</span> <span class='ocrx_word' id='word_1_43' title='bbox 921 1033 1026 1076; x_wconf 87' lang='lat' dir='ltr'>rerum</span> <span class='ocrx_word' id='word_1_44' title='bbox 1051 1023 1146 1089; x_wconf 89' lang='lat' dir='ltr'>statu,</span> <span class='ocrx_word' id='word_1_45' title='bbox 1171 1017 1226 1096; x_wconf 89' lang='lat' dir='ltr'>qui</span> <span class='ocrx_word' id='word_1_46' title='bbox 1249 1035 1295 1078; x_wconf 92' lang='lat' dir='ltr'>ar·</span> 
     </span>
     <span class='ocr_line' id='line_1_7' title="bbox 228 1119 1292 1204; baseline 0.004 -23"><span class='ocrx_word' id='word_1_47' title='bbox 228 1129 386 1200; x_wconf 87' lang='lat' dir='ltr'>gumento</span> <span class='ocrx_word' id='word_1_48' title='bbox 411 1119 568 1202; x_wconf 87' lang='lat' dir='ltr'>Aesopeo</span> <span class='ocrx_word' id='word_1_49' title='bbox 592 1119 794 1196; x_wconf 85' lang='lat' dir='ltr'>describitur,</span> <span class='ocrx_word' id='word_1_50' title='bbox 819 1122 1000 1203; x_wconf 90' lang='lat' dir='ltr'>accipiendi</span> <span class='ocrx_word' id='word_1_51' title='bbox 1024 1123 1089 1184; x_wconf 91' lang='lat' dir='ltr'>sint</span> <span class='ocrx_word' id='word_1_52' title='bbox 1113 1120 1220 1204; x_wconf 90' lang='lat' dir='ltr'>Epod.</span> <span class='ocrx_word' id='word_1_53' title='bbox 1244 1125 1292 1200; x_wconf 89' lang='lat'>16,</span> 
     </span>
     <span class='ocr_line' id='line_1_8' title="bbox 230 1226 1291 1306; baseline 0.005 -18"><span class='ocrx_word' id='word_1_54' title='bbox 230 1243 286 1306; x_wconf 85' lang='lat'>33:</span> <span class='ocrx_word' id='word_1_55' title='bbox 316 1226 477 1290; x_wconf 75' lang='lat' dir='ltr'>»Credula</span> <span class='ocrx_word' id='word_1_56' title='bbox 501 1247 561 1290; x_wconf 90' lang='lat' dir='ltr'>nec</span> <span class='ocrx_word' id='word_1_57' title='bbox 587 1247 682 1290; x_wconf 87' lang='lat' dir='ltr'>rauos</span> <span class='ocrx_word' id='word_1_58' title='bbox 705 1230 842 1290; x_wconf 85' lang='lat' dir='ltr'><strong>timeant</strong></span> <span class='ocrx_word' id='word_1_59' title='bbox 866 1238 1011 1292; x_wconf 87' lang='lat' dir='ltr'>armenta</span> <span class='ocrx_word' id='word_1_60' title='bbox 1025 1228 1158 1294; x_wconf 82' lang='lat' dir='ltr'>leones»</span> <span class='ocrx_word' id='word_1_61' title='bbox 1179 1241 1212 1293; x_wconf 91' lang='lat' dir='ltr'>et</span> <span class='ocrx_word' id='word_1_62' title='bbox 1228 1229 1291 1293; x_wconf 93' lang='lat' dir='ltr'>Od.</span> 
     </span>
     <span class='ocr_line' id='line_1_9' title="bbox 227 1332 1292 1418; baseline 0.006 -23"><span class='ocrx_word' id='word_1_63' title='bbox 227 1332 282 1410; x_wconf 87' lang='grc' dir='ltr'><strong>ΙΙΙ,</strong></span> <span class='ocrx_word' id='word_1_64' title='bbox 317 1337 365 1409; x_wconf 91' lang='lat'>18,</span> <span class='ocrx_word' id='word_1_65' title='bbox 393 1351 448 1414; x_wconf 85' lang='lat'>33:</span> <span class='ocrx_word' id='word_1_66' title='bbox 478 1334 584 1396; x_wconf 87' lang='lat' dir='ltr'>»Inter</span> <span class='ocrx_word' id='word_1_67' title='bbox 607 1336 750 1398; x_wconf 85' lang='lat' dir='ltr'>audaces</span> <span class='ocrx_word' id='word_1_68' title='bbox 774 1333 869 1418; x_wconf 92' lang='lat' dir='ltr'>lupus</span> <span class='ocrx_word' id='word_1_69' title='bbox 892 1347 977 1399; x_wconf 83' lang='lat' dir='ltr'>errat</span> <span class='ocrx_word' id='word_1_70' title='bbox 1000 1357 1137 1418; x_wconf 79' lang='lat' dir='ltr'>agnos».</span> <span class='ocrx_word' id='word_1_71' title='bbox 1185 1338 1292 1401; x_wconf 91' lang='lat' dir='ltr'>Etiam</span> 
     </span>
     <span class='ocr_line' id='line_1_10' title="bbox 227 1441 1294 1526; baseline 0.004 -22"><span class='ocrx_word' id='word_1_72' title='bbox 227 1441 365 1523; x_wconf 86' lang='lat' dir='ltr'>Virgilio</span> <span class='ocrx_word' id='word_1_73' title='bbox 399 1452 627 1524; x_wconf 86' lang='lat' dir='ltr'>argumentum</span> <span class='ocrx_word' id='word_1_74' title='bbox 664 1444 808 1505; x_wconf 91' lang='lat' dir='ltr'>eiusdem</span> <span class='ocrx_word' id='word_1_75' title='bbox 844 1443 973 1508; x_wconf 80' lang='lat' dir='ltr'>fabulae</span> <span class='ocrx_word' id='word_1_76' title='bbox 1004 1447 1171 1526; x_wconf 89' lang='lat' dir='ltr'>cognitum</span> <span class='ocrx_word' id='word_1_77' title='bbox 1196 1443 1294 1509; x_wconf 85' lang='lat' dir='ltr'>fuisse</span> 
     </span>
     <span class='ocr_line' id='line_1_11' title="bbox 227 1548 1292 1616; baseline 0.005 -5"><span class='ocrx_word' id='word_1_78' title='bbox 227 1551 268 1614; x_wconf 88' lang='lat' dir='ltr'>ad</span> <span class='ocrx_word' id='word_1_79' title='bbox 301 1551 527 1612; x_wconf 91' lang='lat' dir='ltr'>coniciendum</span> <span class='ocrx_word' id='word_1_80' title='bbox 564 1548 696 1613; x_wconf 88' lang='lat' dir='ltr'>inclinat</span> <span class='ocrx_word' id='word_1_81' title='bbox 731 1552 867 1614; x_wconf 80' lang='lat' dir='ltr'>animus</span> <span class='ocrx_word' id='word_1_82' title='bbox 915 1551 1024 1615; x_wconf 91' lang='lat' dir='ltr'>Facile</span> <span class='ocrx_word' id='word_1_83' title='bbox 1059 1553 1145 1615; x_wconf 89' lang='lat' dir='ltr'>enim</span> <span class='ocrx_word' id='word_1_84' title='bbox 1180 1554 1223 1616; x_wconf 88' lang='lat' dir='ltr'>ad</span> <span class='ocrx_word' id='word_1_85' title='bbox 1259 1555 1292 1616; x_wconf 95' lang='lat' dir='ltr'>id</span> 
     </span>
     <span class='ocr_line' id='line_1_12' title="bbox 226 1656 1291 1742; baseline 0.003 -22"><span class='ocrx_word' id='word_1_86' title='bbox 226 1656 334 1720; x_wconf 84' lang='lat' dir='ltr'>referri</span> <span class='ocrx_word' id='word_1_87' title='bbox 369 1668 508 1739; x_wconf 84' lang='lat' dir='ltr'>possunt</span> <span class='ocrx_word' id='word_1_88' title='bbox 536 1657 604 1721; x_wconf 92' lang='lat' dir='ltr'>Ecl.</span> <span class='ocrx_word' id='word_1_89' title='bbox 630 1658 671 1733; x_wconf 93' lang='lat' dir='ltr'>V,</span> <span class='ocrx_word' id='word_1_90' title='bbox 700 1673 754 1738; x_wconf 86' lang='lat'>59:</span> <span class='ocrx_word' id='word_1_91' title='bbox 783 1659 872 1722; x_wconf 74' lang='lat' dir='ltr'>»Nec</span> <span class='ocrx_word' id='word_1_92' title='bbox 896 1658 994 1741; x_wconf 90' lang='lat' dir='ltr'>lupus·</span> <span class='ocrx_word' id='word_1_93' title='bbox 1014 1661 1146 1723; x_wconf 89' lang='lat' dir='ltr'>iusidias</span> <span class='ocrx_word' id='word_1_94' title='bbox 1171 1664 1291 1742; x_wconf 90' lang='lat' dir='ltr'>pecori,</span> 
     </span>
     <span class='ocr_line' id='line_1_13' title="bbox 226 1764 1292 1842; baseline 0.005 -16"><span class='ocrx_word' id='word_1_95' title='bbox 226 1785 286 1826; x_wconf 92' lang='lat' dir='ltr'>nec</span> <span class='ocrx_word' id='word_1_96' title='bbox 310 1766 389 1828; x_wconf 90' lang='lat' dir='ltr'>retia</span> <span class='ocrx_word' id='word_1_97' title='bbox 413 1766 518 1827; x_wconf 89' lang='lat' dir='ltr'>ceruis</span> <span class='ocrx_word' id='word_1_98' title='bbox 542 1764 605 1827; x_wconf 90' lang='lat' dir='ltr'>ulla</span> <span class='ocrx_word' id='word_1_99' title='bbox 628 1764 738 1828; x_wconf 92' lang='lat' dir='ltr'>dolum</span> <span class='ocrx_word' id='word_1_100' title='bbox 765 1767 980 1830; x_wconf 78' lang='lat' dir='ltr'>meditantur»</span> <span class='ocrx_word' id='word_1_101' title='bbox 1008 1779 1041 1830; x_wconf 93' lang='lat' dir='ltr'>et</span> <span class='ocrx_word' id='word_1_102' title='bbox 1064 1767 1131 1831; x_wconf 88' lang='lat' dir='ltr'>Ecl.</span> <span class='ocrx_word' id='word_1_103' title='bbox 1158 1767 1224 1842; x_wconf 85' lang='lat' dir='ltr'>IV,</span> <span class='ocrx_word' id='word_1_104' title='bbox 1242 1785 1292 1832; x_wconf 87' lang='lat'>22:</span> 
     </span>
     <span class='ocr_line' id='line_1_14' title="bbox 230 1871 1289 1954; baseline 0.003 -23"><span class='ocrx_word' id='word_1_105' title='bbox 230 1871 389 1934; x_wconf 74' lang='lat' dir='ltr'>»Occidet</span> <span class='ocrx_word' id='word_1_106' title='bbox 400 1882 432 1934; x_wconf 91' lang='lat' dir='ltr'>et</span> <span class='ocrx_word' id='word_1_107' title='bbox 445 1885 583 1954; x_wconf 88' lang='lat' dir='ltr'>serpens</span> <span class='ocrx_word' id='word_1_108' title='bbox 597 1885 629 1936; x_wconf 91' lang='lat' dir='ltr'>et</span> <span class='ocrx_word' id='word_1_109' title='bbox 645 1872 743 1935; x_wconf 79' lang='lat' dir='ltr'>fallax</span> <span class='ocrx_word' id='word_1_110' title='bbox 756 1873 857 1936; x_wconf 89' lang='lat' dir='ltr'>herba</span> <span class='ocrx_word' id='word_1_111' title='bbox 873 1877 999 1951; x_wconf 88' lang='lat' dir='ltr'>ueneni,</span> <span class='ocrx_word' id='word_1_112' title='bbox 1017 1876 1144 1938; x_wconf 90' lang='lat' dir='ltr'>occidet</span> <span class='ocrx_word' id='word_1_113' title='bbox 1163 1925 1269 1939; x_wconf 90' lang='grc'><strong>.....</strong></span> <span class='ocrx_word' id='word_1_114' title='bbox 1277 1901 1289 1934; x_wconf 74' lang='lat' dir='ltr'>u</span> 
     </span>
     <span class='ocr_line' id='line_1_15' title="bbox 226 1979 1295 2060; baseline 0.004 -18"><span class='ocrx_word' id='word_1_115' title='bbox 226 1979 333 2042; x_wconf 87' lang='lat' dir='ltr'>Etiam</span> <span class='ocrx_word' id='word_1_116' title='bbox 370 2001 389 2042; x_wconf 92' lang='lat' dir='ltr'>a</span> <span class='ocrx_word' id='word_1_117' title='bbox 425 1979 551 2042; x_wconf 91' lang='lat' dir='ltr'>Lucilio</span> <span class='ocrx_word' id='word_1_118' title='bbox 576 1982 715 2044; x_wconf 92' lang='lat' dir='ltr'>eandem</span> <span class='ocrx_word' id='word_1_119' title='bbox 741 1980 882 2044; x_wconf 82' lang='lat' dir='ltr'>fabulam</span> <span class='ocrx_word' id='word_1_120' title='bbox 907 1993 1197 2060; x_wconf 86' lang='lat' dir='ltr'>commemoratam</span> <span class='ocrx_word' id='word_1_121' title='bbox 1222 2003 1295 2046; x_wconf 89' lang='lat' dir='ltr'>esse</span> 
     </span>
     <span class='ocr_line' id='line_1_16' title="bbox 224 2088 1293 2173; baseline 0.005 -24"><span class='ocrx_word' id='word_1_122' title='bbox 224 2088 256 2149; x_wconf 91' lang='lat' dir='ltr'>in</span> <span class='ocrx_word' id='word_1_123' title='bbox 292 2089 577 2164; x_wconf 88' lang='lat' dir='ltr'>commentatione,</span> <span class='ocrx_word' id='word_1_124' title='bbox 613 2109 711 2171; x_wconf 90' lang='lat' dir='ltr'>quam</span> <span class='ocrx_word' id='word_1_125' title='bbox 748 2090 876 2170; x_wconf 87' lang='lat' dir='ltr'>scripsit</span> <span class='ocrx_word' id='word_1_126' title='bbox 900 2090 1012 2166; x_wconf 73' lang='lat' dir='ltr'>lienis,</span> <span class='ocrx_word' id='word_1_127' title='bbox 1038 2111 1114 2173; x_wconf 86' lang='lat' dir='ltr'>pag.</span> <span class='ocrx_word' id='word_1_128' title='bbox 1142 2108 1181 2171; x_wconf 86' lang='lat'>32</span> <span class='ocrx_word' id='word_1_129' title='bbox 1207 2093 1293 2155; x_wconf 92' lang='lat' dir='ltr'>inue-</span> 
     </span>
     <span class='ocr_line' id='line_1_17' title="bbox 224 2195 1293 2280; baseline 0.006 -24"><span class='ocrx_word' id='word_1_130' title='bbox 224 2197 287 2258; x_wconf 91' lang='lat' dir='ltr'>ni0.</span> <span class='ocrx_word' id='word_1_131' title='bbox 336 2195 493 2258; x_wconf 88' lang='lat' dir='ltr'>Fabulam</span> <span class='ocrx_word' id='word_1_132' title='bbox 518 2196 604 2260; x_wconf 86' lang='lat' dir='ltr'>illam</span> <span class='ocrx_word' id='word_1_133' title='bbox 629 2197 887 2279; x_wconf 86' lang='lat' dir='ltr'>pulcherrimam,</span> <span class='ocrx_word' id='word_1_134' title='bbox 913 2219 997 2280; x_wconf 87' lang='lat' dir='ltr'>quae</span> <span class='ocrx_word' id='word_1_135' title='bbox 1020 2210 1070 2261; x_wconf 89' lang='lat' dir='ltr'>est</span> <span class='ocrx_word' id='word_1_136' title='bbox 1091 2200 1133 2262; x_wconf 93' lang='lat' dir='ltr'>de</span> <span class='ocrx_word' id='word_1_137' title='bbox 1150 2200 1293 2262; x_wconf 88' lang='lat' dir='ltr'>muribus</span> 
     </span>
     <span class='ocr_line' id='line_1_18' title="bbox 224 2291 1293 2390; baseline 0.005 -24"><span class='ocrx_word' id='word_1_138' title='bbox 224 2304 349 2368; x_wconf 90' lang='lat' dir='ltr'>urbano</span> <span class='ocrx_word' id='word_1_139' title='bbox 384 2314 416 2366; x_wconf 88' lang='lat' dir='ltr'>et</span> <span class='ocrx_word' id='word_1_140' title='bbox 451 2305 581 2380; x_wconf 88' lang='lat' dir='ltr'>rustico,</span> <span class='ocrx_word' id='word_1_141' title='bbox 617 2323 660 2368; x_wconf 80' lang='lat' dir='ltr'>ex</span> <span class='ocrx_word' id='word_1_142' title='bbox 690 2291 939 2370; x_wconf 88' lang='lat' dir='ltr'>collectionibus</span> <span class='ocrx_word' id='word_1_143' title='bbox 963 2306 1128 2389; x_wconf 91' lang='lat' dir='ltr'>Aesopeis</span> <span class='ocrx_word' id='word_1_144' title='bbox 1152 2310 1293 2390; x_wconf 89' lang='lat' dir='ltr'>antiquis</span> 
     </span>
     <span class='ocr_line' id='line_1_19' title="bbox 224 2412 1292 2497; baseline 0.007 -25"><span class='ocrx_word' id='word_1_145' title='bbox 224 2431 282 2493; x_wconf 87' lang='lat' dir='ltr'>per</span> <span class='ocrx_word' id='word_1_146' title='bbox 311 2431 347 2473; x_wconf 91' lang='lat' dir='ltr'>se</span> <span class='ocrx_word' id='word_1_147' title='bbox 376 2413 513 2494; x_wconf 88' lang='lat' dir='ltr'>quisque</span> <span class='ocrx_word' id='word_1_148' title='bbox 538 2412 770 2476; x_wconf 90' lang='lat' dir='ltr'>transtulerunt</span> <span class='ocrx_word' id='word_1_149' title='bbox 794 2424 947 2495; x_wconf 92' lang='lat' dir='ltr'>quattuor</span> <span class='ocrx_word' id='word_1_150' title='bbox 970 2424 1128 2490; x_wconf 70' lang='lat' dir='ltr'>auctores</span> <span class='ocrx_word' id='word_1_151' title='bbox 1154 2434 1292 2497; x_wconf 89' lang='lat' dir='ltr'>quorum</span> 
     </span>
     <span class='ocr_line' id='line_1_20' title="bbox 222 2520 1291 2603; baseline 0.006 -23"><span class='ocrx_word' id='word_1_152' title='bbox 222 2520 423 2582; x_wconf 85' lang='lat' dir='ltr'>narrationes</span> <span class='ocrx_word' id='word_1_153' title='bbox 439 2521 481 2582; x_wconf 92' lang='lat' dir='ltr'>ad</span> <span class='ocrx_word' id='word_1_154' title='bbox 499 2529 643 2582; x_wconf 90' lang='lat' dir='ltr'>nostram</span> <span class='ocrx_word' id='word_1_155' title='bbox 661 2531 802 2584; x_wconf 90' lang='lat' dir='ltr'>aetatem</span> <span class='ocrx_word' id='word_1_156' title='bbox 820 2533 1047 2603; x_wconf 88' lang='lat' dir='ltr'>peruenerunt.</span> <span class='ocrx_word' id='word_1_157' title='bbox 1088 2523 1140 2584; x_wconf 91' lang='lat' dir='ltr'>De</span> <span class='ocrx_word' id='word_1_158' title='bbox 1155 2522 1291 2586; x_wconf 89' lang='lat' dir='ltr'>Phaedri</span> 
     </span>
     <span class='ocr_line' id='line_1_21' title="bbox 223 2605 1290 2712; baseline 0.004 -23"><span class='ocrx_word' id='word_1_159' title='bbox 223 2605 255 2689; x_wconf 89' lang='lat' dir='ltr'>et</span> <span class='ocrx_word' id='word_1_160' title='bbox 297 2615 405 2689; x_wconf 88' lang='lat' dir='ltr'>Babrii</span> <span class='ocrx_word' id='word_1_161' title='bbox 447 2628 541 2690; x_wconf 92' lang='lat' dir='ltr'>huius</span> <span class='ocrx_word' id='word_1_162' title='bbox 580 2630 761 2710; x_wconf 91' lang='lat' dir='ltr'>argumenti</span> <span class='ocrx_word' id='word_1_163' title='bbox 798 2628 914 2690; x_wconf 86' lang='lat' dir='ltr'>fabulis</span> <span class='ocrx_word' id='word_1_164' title='bbox 950 2613 1059 2711; x_wconf 86' lang='lat' dir='ltr'>supra</span> <span class='ocrx_word' id='word_1_165' title='bbox 1083 2641 1192 2712; x_wconf 88' lang='lat' dir='ltr'>actum</span> <span class='ocrx_word' id='word_1_166' title='bbox 1227 2640 1290 2707; x_wconf 89' lang='lat' dir='ltr'>est;</span> 
     </span>
     <span class='ocr_line' id='line_1_22' title="bbox 222 2735 1291 2818; baseline 0.003 -21"><span class='ocrx_word' id='word_1_167' title='bbox 222 2745 330 2798; x_wconf 87' lang='lat' dir='ltr'>exstat</span> <span class='ocrx_word' id='word_1_168' title='bbox 353 2737 452 2798; x_wconf 87' lang='lat' dir='ltr'>etiam</span> <span class='ocrx_word' id='word_1_169' title='bbox 477 2737 566 2817; x_wconf 89' lang='lat' dir='ltr'>apud</span> <span class='ocrx_word' id='word_1_170' title='bbox 593 2736 764 2798; x_wconf 89' lang='lat' dir='ltr'>Horatium</span> <span class='ocrx_word' id='word_1_171' title='bbox 789 2746 822 2798; x_wconf 89' lang='lat' dir='ltr'>et</span> <span class='ocrx_word' id='word_1_172' title='bbox 838 2736 984 2812; x_wconf 90' lang='lat' dir='ltr'>Suidam,</span> <span class='ocrx_word' id='word_1_173' title='bbox 1002 2737 1057 2818; x_wconf 93' lang='lat' dir='ltr'>qui</span> <span class='ocrx_word' id='word_1_174' title='bbox 1074 2735 1291 2818; x_wconf 84' lang='lat' dir='ltr'>fragmentum</span> 
     </span>
     <span class='ocr_line' id='line_1_23' title="bbox 224 2841 1291 2931; baseline 0.003 -27"><span class='ocrx_word' id='word_1_175' title='bbox 224 2841 353 2905; x_wconf 80' lang='lat' dir='ltr'>fabulae</span> <span class='ocrx_word' id='word_1_176' title='bbox 389 2842 535 2905; x_wconf 87' lang='lat' dir='ltr'>uersibus</span> <span class='ocrx_word' id='word_1_177' title='bbox 571 2843 742 2931; x_wconf 87' lang='lat' dir='ltr'>dactylicis</span> <span class='ocrx_word' id='word_1_178' title='bbox 765 2863 942 2924; x_wconf 87' lang='lat' dir='ltr'>expressae</span> <span class='ocrx_word' id='word_1_179' title='bbox 966 2843 1072 2907; x_wconf 86' lang='lat' dir='ltr'>attulit</span> <span class='ocrx_word' id='word_1_180' title='bbox 1096 2855 1224 2926; x_wconf 87' lang='lat' dir='ltr'>poetae,</span> <span class='ocrx_word' id='word_1_181' title='bbox 1250 2846 1291 2907; x_wconf 93' lang='lat' dir='ltr'>de</span> 
     </span>
     <span class='ocr_line' id='line_1_24' title="bbox 188 2951 1008 3038; baseline 0.002 -26"><span class='ocrx_word' id='word_1_182' title='bbox 188 3033 191 3038; x_wconf 19' lang='grc'>1</span> <span class='ocrx_word' id='word_1_183' title='bbox 221 2971 286 3031; x_wconf 92' lang='lat' dir='ltr'>quo</span> <span class='ocrx_word' id='word_1_184' title='bbox 310 2971 408 3032; x_wconf 88' lang='lat' dir='ltr'>supra</span> <span class='ocrx_word' id='word_1_185' title='bbox 433 2953 552 3014; x_wconf 92' lang='lat' dir='ltr'>monui.</span> <span class='ocrx_word' id='word_1_186' title='bbox 602 2951 833 3032; x_wconf 86' lang='lat' dir='ltr'>Fragmentum</span> <span class='ocrx_word' id='word_1_187' title='bbox 857 2953 921 3016; x_wconf 92' lang='lat' dir='ltr'>hoc</span> <span class='ocrx_word' id='word_1_188' title='bbox 946 2962 1008 3014; x_wconf 90' lang='lat' dir='ltr'>est:</span> 
     </span>
    </p>

    <p class='ocr_par' dir='ltr' id='par_1_3' title="bbox 328 3055 1125 3142">
     <span class='ocr_line' id='line_1_25' title="bbox 328 3055 1125 3142; baseline 0.004 -23"><span class='ocrx_word' id='word_1_189' title='bbox 328 3055 439 3120; x_wconf 82' lang='grc' dir='ltr'>Θέντο</span> <span class='ocrx_word' id='word_1_190' title='bbox 463 3057 730 3140; x_wconf 82' lang='grc' dir='ltr'>μετ’ὰλλήλοισιν</span> <span class='ocrx_word' id='word_1_191' title='bbox 754 3058 922 3140; x_wconf 82' lang='grc' dir='ltr'>ἑταιρείην</span> <span class='ocrx_word' id='word_1_192' title='bbox 947 3058 1009 3142; x_wconf 85' lang='grc' dir='ltr'>μύε</span> <span class='ocrx_word' id='word_1_193' title='bbox 1033 3057 1125 3135; x_wconf 78' lang='grc' dir='ltr'>δοιώ,</span> 
     </span>
    </p>

    <p class='ocr_par' dir='ltr' id='par_1_4' title="bbox 330 3163 1231 3250">
     <span class='ocr_line' id='line_1_26' title="bbox 330 3163 1231 3250; baseline 0.004 -24"><span class='ocrx_word' id='word_1_194' title='bbox 330 3165 372 3227; x_wconf 85' lang='grc' dir='ltr'>οὺ</span> <span class='ocrx_word' id='word_1_195' title='bbox 396 3165 547 3248; x_wconf 66' lang='grc' dir='ltr'><strong>καθ’ὁμὰ</strong></span> <span class='ocrx_word' id='word_1_196' title='bbox 568 3163 724 3244; x_wconf 75' lang='grc' dir='ltr'>ζώοντες,</span> <span class='ocrx_word' id='word_1_197' title='bbox 751 3167 770 3227; x_wconf 87' lang='grc' dir='ltr'>ὁ</span> <span class='ocrx_word' id='word_1_198' title='bbox 795 3165 854 3246; x_wconf 89' lang='grc' dir='ltr'>μὲν</span> <span class='ocrx_word' id='word_1_199' title='bbox 876 3167 966 3229; x_wconf 86' lang='grc' dir='ltr'>κατὰ</span> <span class='ocrx_word' id='word_1_200' title='bbox 988 3165 1080 3229; x_wconf 87' lang='grc' dir='ltr'>νειὸν</span> <span class='ocrx_word' id='word_1_201' title='bbox 1104 3166 1231 3250; x_wconf 80' lang='grc' dir='ltr'>ἐρήμην</span> 
     </span>
    </p>

    <p class='ocr_par' dir='ltr' id='par_1_5' title="bbox 327 3255 1287 3356">
     <span class='ocr_line' id='line_1_27' title="bbox 327 3255 1287 3356; baseline 0.003 -22"><span class='ocrx_word' id='word_1_202' title='bbox 327 3272 495 3354; x_wconf 72' lang='lat' dir='ltr'>trpa‘tpsd’,</span> <span class='ocrx_word' id='word_1_203' title='bbox 514 3271 555 3350; x_wconf 79' lang='grc' dir='ltr'>ὃς</span> <span class='ocrx_word' id='word_1_204' title='bbox 566 3270 606 3334; x_wconf 84' lang='grc' dir='ltr'>δὲ</span> <span class='ocrx_word' id='word_1_205' title='bbox 619 3255 774 3355; x_wconf 74' lang='grc' dir='ltr'>δόμοισιν</span> <span class='ocrx_word' id='word_1_206' title='bbox 787 3275 824 3335; x_wconf 83' lang='grc' dir='ltr'>ἐν</span> <span class='ocrx_word' id='word_1_207' title='bbox 837 3275 986 3355; x_wconf 79' lang='grc' dir='ltr'>ἀφνειῶν</span> <span class='ocrx_word' id='word_1_208' title='bbox 997 3274 1129 3356; x_wconf 82' lang='grc' dir='ltr'>τρέφετ’</span> <span class='ocrx_word' id='word_1_209' title='bbox 1142 3273 1287 3355; x_wconf 80' lang='grc' dir='ltr'>ἀνδρῶν.</span> 
     </span>
    </p>

    <p class='ocr_par' dir='ltr' id='par_1_6' title="bbox 218 3380 1289 4215">
     <span class='ocr_line' id='line_1_28' title="bbox 330 3380 1288 3462; baseline 0.003 -20"><span class='ocrx_word' id='word_1_210' title='bbox 330 3380 433 3462; x_wconf 86' lang='lat' dir='ltr'>Apud</span> <span class='ocrx_word' id='word_1_211' title='bbox 458 3381 630 3442; x_wconf 88' lang='lat' dir='ltr'>Horatium</span> <span class='ocrx_word' id='word_1_212' title='bbox 656 3381 771 3443; x_wconf 87' lang='lat' dir='ltr'>eadem</span> <span class='ocrx_word' id='word_1_213' title='bbox 796 3381 904 3443; x_wconf 85' lang='lat' dir='ltr'>fabula</span> <span class='ocrx_word' id='word_1_214' title='bbox 929 3391 1075 3444; x_wconf 89' lang='lat' dir='ltr'>narratur</span> <span class='ocrx_word' id='word_1_215' title='bbox 1098 3384 1129 3444; x_wconf 88' lang='lat' dir='ltr'>io</span> <span class='ocrx_word' id='word_1_216' title='bbox 1155 3382 1223 3446; x_wconf 90' lang='lat' dir='ltr'>Sat.</span> <span class='ocrx_word' id='word_1_217' title='bbox 1249 3384 1288 3458; x_wconf 89' lang='lat' dir='ltr'>II,</span> 
     </span>
     <span class='ocr_line' id='line_1_29' title="bbox 219 3487 1288 3569; baseline 0.004 -20"><span class='ocrx_word' id='word_1_218' title='bbox 219 3488 250 3561; x_wconf 88' lang='lat'>6,</span> <span class='ocrx_word' id='word_1_219' title='bbox 277 3490 327 3550; x_wconf 86' lang='lat'>80.</span> <span class='ocrx_word' id='word_1_220' title='bbox 376 3489 412 3550; x_wconf 93' lang='lat' dir='ltr'>In</span> <span class='ocrx_word' id='word_1_221' title='bbox 436 3487 500 3550; x_wconf 91' lang='lat' dir='ltr'>hoc</span> <span class='ocrx_word' id='word_1_222' title='bbox 524 3499 717 3569; x_wconf 89' lang='lat' dir='ltr'>argumento</span> <span class='ocrx_word' id='word_1_223' title='bbox 742 3488 939 3569; x_wconf 86' lang='lat' dir='ltr'>proferendo</span> <span class='ocrx_word' id='word_1_224' title='bbox 963 3490 1079 3550; x_wconf 92' lang='lat' dir='ltr'>mirum</span> <span class='ocrx_word' id='word_1_225' title='bbox 1104 3491 1136 3551; x_wconf 89' lang='lat' dir='ltr'>in</span> <span class='ocrx_word' id='word_1_226' title='bbox 1153 3490 1288 3553; x_wconf 92' lang='lat' dir='ltr'>modum</span> 
     </span>
     <span class='ocr_line' id='line_1_30' title="bbox 220 3577 1288 3678; baseline 0.005 -23"><span class='ocrx_word' id='word_1_227' title='bbox 220 3613 336 3656; x_wconf 89' lang='lat' dir='ltr'>omnes</span> <span class='ocrx_word' id='word_1_228' title='bbox 370 3597 451 3658; x_wconf 91' lang='lat' dir='ltr'>inter</span> <span class='ocrx_word' id='word_1_229' title='bbox 487 3613 522 3658; x_wconf 86' lang='lat' dir='ltr'>se</span> <span class='ocrx_word' id='word_1_230' title='bbox 557 3605 740 3677; x_wconf 89' lang='lat' dir='ltr'>congruunt</span> <span class='ocrx_word' id='word_1_231' title='bbox 764 3607 922 3658; x_wconf 87' lang='lat' dir='ltr'>auctores.</span> <span class='ocrx_word' id='word_1_232' title='bbox 970 3577 1107 3658; x_wconf 89' lang='lat' dir='ltr'>Babrius</span> <span class='ocrx_word' id='word_1_233' title='bbox 1131 3607 1164 3658; x_wconf 94' lang='lat' dir='ltr'>et</span> <span class='ocrx_word' id='word_1_234' title='bbox 1189 3607 1288 3678; x_wconf 86' lang='lat' dir='ltr'>poeta</span> 
     </span>
     <span class='ocr_line' id='line_1_31' title="bbox 219 3701 1288 3783; baseline 0.003 -20"><span class='ocrx_word' id='word_1_235' title='bbox 219 3701 334 3782; x_wconf 79' lang='lat' dir='ltr'>fragm.</span> <span class='ocrx_word' id='word_1_236' title='bbox 371 3703 525 3783; x_wconf 90' lang='lat' dir='ltr'>dactylici</span> <span class='ocrx_word' id='word_1_237' title='bbox 550 3706 581 3766; x_wconf 93' lang='lat' dir='ltr'>in</span> <span class='ocrx_word' id='word_1_238' title='bbox 606 3705 701 3766; x_wconf 92' lang='lat' dir='ltr'>initio</span> <span class='ocrx_word' id='word_1_239' title='bbox 726 3702 853 3766; x_wconf 84' lang='lat' dir='ltr'>fabulae</span> <span class='ocrx_word' id='word_1_240' title='bbox 878 3705 994 3766; x_wconf 90' lang='lat' dir='ltr'>eadem</span> <span class='ocrx_word' id='word_1_241' title='bbox 1017 3704 1084 3766; x_wconf 83' lang='lat' dir='ltr'>iere</span> <span class='ocrx_word' id='word_1_242' title='bbox 1109 3704 1210 3766; x_wconf 92' lang='lat' dir='ltr'>uerba</span> <span class='ocrx_word' id='word_1_243' title='bbox 1235 3705 1288 3766; x_wconf 93' lang='lat' dir='ltr'>ad-</span> 
     </span>
     <span class='ocr_line' id='line_1_32' title="bbox 218 3805 1288 3898; baseline 0.004 -28"><span class='ocrx_word' id='word_1_244' title='bbox 218 3805 346 3886; x_wconf 79' lang='lat' dir='ltr'>hibent3</span> <span class='ocrx_word' id='word_1_245' title='bbox 387 3809 481 3876; x_wconf 85' lang='lat' dir='ltr'>Babr.</span> <span class='ocrx_word' id='word_1_246' title='bbox 527 3813 598 3886; x_wconf 91' lang='lat'>108,</span> <span class='ocrx_word' id='word_1_247' title='bbox 641 3828 668 3890; x_wconf 88' lang='lat'>3:</span> <span class='ocrx_word' id='word_1_248' title='bbox 710 3809 829 3873; x_wconf 69' lang='grc' dir='ltr'>ἔθεντο</span> <span class='ocrx_word' id='word_1_249' title='bbox 863 3809 980 3874; x_wconf 85' lang='grc' dir='ltr'>κοινὸν</span> <span class='ocrx_word' id='word_1_250' title='bbox 1014 3809 1074 3874; x_wconf 85' lang='grc' dir='ltr'>τὸν</span> <span class='ocrx_word' id='word_1_251' title='bbox 1104 3810 1178 3898; x_wconf 77' lang='grc' dir='ltr'>βίον</span> <span class='ocrx_word' id='word_1_252' title='bbox 1201 3811 1288 3891; x_wconf 81' lang='grc' dir='ltr'>πρὸς</span> 
     </span>
     <span class='ocr_line' id='line_1_33' title="bbox 219 3915 1289 4001; baseline 0.002 -23"><span class='ocrx_word' id='word_1_253' title='bbox 219 3915 391 3997; x_wconf 80' lang='grc' dir='ltr'>ἀλλήλους</span> <span class='ocrx_word' id='word_1_254' title='bbox 413 3945 459 3972; x_wconf 85' lang='lat'>=</span> <span class='ocrx_word' id='word_1_255' title='bbox 482 3918 571 3981; x_wconf 89' lang='lat' dir='ltr'>Poet.</span> <span class='ocrx_word' id='word_1_256' title='bbox 597 3919 710 4000; x_wconf 83' lang='lat' dir='ltr'>fragm.</span> <span class='ocrx_word' id='word_1_257' title='bbox 736 3917 871 3999; x_wconf 87' lang='lat' dir='ltr'>dactyl:</span> <span class='ocrx_word' id='word_1_258' title='bbox 890 3918 991 3981; x_wconf 68' lang='grc' dir='ltr'>θέντο</span> <span class='ocrx_word' id='word_1_259' title='bbox 1008 3919 1075 4001; x_wconf 71' lang='grc' dir='ltr'>μετ’</span> <span class='ocrx_word' id='word_1_260' title='bbox 1093 3917 1289 3998; x_wconf 83' lang='grc' dir='ltr'>ἀλλήλοισιν</span> 
     </span>
     <span class='ocr_line' id='line_1_34' title="bbox 218 4023 1287 4106; baseline 0.003 -20"><span class='ocrx_word' id='word_1_261' title='bbox 218 4023 386 4106; x_wconf 55' lang='lat' dir='ltr'>&amp;torpatur</span> <span class='ocrx_word' id='word_1_262' title='bbox 412 4075 552 4089; x_wconf 91' lang='grc'>.....</span> <span class='ocrx_word' id='word_1_263' title='bbox 601 4027 757 4089; x_wconf 88' lang='lat' dir='ltr'>Horatius</span> <span class='ocrx_word' id='word_1_264' title='bbox 786 4036 818 4088; x_wconf 91' lang='lat' dir='ltr'>et</span> <span class='ocrx_word' id='word_1_265' title='bbox 842 4027 1008 4088; x_wconf 87' lang='lat' dir='ltr'>Phaedrus</span> <span class='ocrx_word' id='word_1_266' title='bbox 1032 4029 1064 4090; x_wconf 90' lang='lat' dir='ltr'>in</span> <span class='ocrx_word' id='word_1_267' title='bbox 1089 4047 1129 4089; x_wconf 93' lang='lat' dir='ltr'>eo</span> <span class='ocrx_word' id='word_1_268' title='bbox 1153 4047 1287 4089; x_wconf 90' lang='lat' dir='ltr'>consen·</span> 
     </span>
     <span class='ocr_line' id='line_1_35' title="bbox 218 4132 1286 4215; baseline 0.005 -23"><span class='ocrx_word' id='word_1_269' title='bbox 218 4132 309 4207; x_wconf 91' lang='lat' dir='ltr'>tiunt,</span> <span class='ocrx_word' id='word_1_270' title='bbox 346 4136 434 4214; x_wconf 93' lang='lat' dir='ltr'>quod</span> <span class='ocrx_word' id='word_1_271' title='bbox 469 4155 540 4196; x_wconf 92' lang='lat' dir='ltr'>mus</span> <span class='ocrx_word' id='word_1_272' title='bbox 575 4135 711 4196; x_wconf 89' lang='lat' dir='ltr'>rusticus</span> <span class='ocrx_word' id='word_1_273' title='bbox 747 4135 835 4214; x_wconf 86' lang='lat' dir='ltr'>apud</span> <span class='ocrx_word' id='word_1_274' title='bbox 861 4154 919 4195; x_wconf 91' lang='lat' dir='ltr'>eos</span> <span class='ocrx_word' id='word_1_275' title='bbox 943 4155 1007 4196; x_wconf 89' lang='lat' dir='ltr'>non</span> <span class='ocrx_word' id='word_1_276' title='bbox 1033 4155 1075 4196; x_wconf 85' lang='lat' dir='ltr'>ex</span> <span class='ocrx_word' id='word_1_277' title='bbox 1100 4136 1286 4215; x_wconf 86' lang='lat' dir='ltr'>composito</span> 
     </span>
    </p>
   </div>
   <div class='ocr_carea' id='block_1_3' title="bbox 0 0 1626 4868">
    <p class='ocr_par' dir='ltr' id='par_1_7' title="bbox 0 0 1626 4868">
     <span class='ocr_line' id='line_1_36' title="bbox 0 0 1626 4868; baseline 0 4"><span class='ocrx_word' id='word_1_278' title='bbox 0 0 1626 4868; x_wconf 95' lang='lat' dir='ltr'> </span> 
     </span>
    </p>
   </div>
  </div>
 </body>
</html>
