3260 4882
698 389 865 466 „37-

244 601 395 681 antiquos
429 621 586 680 magnum
621 602 710 663 inter,
735 599 854 680 γέλοια
879 599 1005 682 Aesopi
1030 613 1062 663 et
1086 601 1173 664 dicta
1197 601 1312 666 similia
1392 657 1394 660 .

242 719 278 769 ut
313 707 496 788 Sybaritica
531 707 702 770 discrimen
736 709 888 770 statuisse
924 707 1000 772 inde
1024 706 1118 772 facile
1141 708 1310 791 colligitur,

243 817 332 898 quod
356 814 448 880 haec'
462 835 592 898 quoque
615 836 688 878 cum
715 816 846 880 nomine
868 827 900 878 et
918 816 983 878 uita
1000 814 1125 898 Aesopi
1144 826 1312 882 connecte·

243 924 370 998 bantur,
408 934 442 986 ut
476 944 518 986 ex
542 922 615 986 loco
641 923 798 1003 Hesychii
823 922 931 1007 (quem
956 944 1008 986 me
1032 923 1063 988 iu
1084 921 1167 988 libro
1191 923 1312 990 Kelleri

243 1051 317 1113 pag.
356 1031 421 1110 360
449 1032 612 1106 inuenisse
635 1030 805 1110 confiteor)
829 1051 987 1112 apparere
1012 1031 1150 1094 uidetur:
1180 1031 1312 1117 »Συβα-

242 1137 360 1217 prrur'ol
397 1137 503 1218 λόγον
540 1136 600 1201 τὸν
634 1137 702 1218 γὰρ
726 1137 890 1200 Αἴσωπον
914 1139 951 1200 ἐν
976 1135 1104 1218 Ἰταλίᾳ
1125 1138 1311 1221 γενόμενον

242 1243 503 1323 σπουδασθῆναι
541 1243 682 1326 σφόδρα
717 1245 830 1327 φασίν,
867 1245 915 1323 ὡς
948 1245 1005 1308 καὶ
1040 1243 1079 1308 τὸ
1111 1244 1313 1326 clariorem

243 1353 349 1416 αὑτοῦ
386 1350 686 1436 ἐπιδαψελεῦσαι»,
727 1351 836 1416 Keller
868 1353 887 1416 l.
914 1353 931 1415 l.
958 1374 1034 1436 pag.
1059 1369 1121 1433 317
1140 1353 1308 1436 Aristoph.

242 1460 343 1542 Vesp.
382 1461 453 1540 566,
484 1477 519 1524 12
526 1463 576 1540 58,
602 1460 745 1541 Hesych.
772 1482 796 1522 s.
821 1459 985 1524 Αἰσώπου
1008 1459 1166 1541 γελοίοις,
1192 1461 1311 1524 Auian.
1409 1535 1424 1546 „

243 1568 306 1632 fab.
332 1567 431 1650 praes.
458 1569 545 1631 nisus
569 1568 666 1630 etiam
683 1569 852 1632 contendit
869 1567 995 1632 fabulas
1012 1570 1161 1632 uniuerse
1178 1577 1312 1650 propter

243 1677 323 1740 haec
373 1675 601 1741 collectionum
647 1675 874 1757 Aesopearum
918 1677 1176 1758 incorruptarum
1222 1677 1311 1742 addi-

243 1795 387 1848 tamenta
423 1784 603 1865 posteriora
639 1783 821 1865 appellatas
856 1803 928 1848 esse
968 1783 1137 1864 »γέλοια».
1186 1774 1311 1848 ibidem

244 1893 290 1954 uir
325 1891 442 1954 doctus
477 1901 624 1954 naturam
656 1891 766 1954 talium
791 1892 951 1955 dictorum
973 1892 1055 1954 scite
1079 1892 1165 1954 hunc
1190 1893 1222 1952 in
1246 1912 1312 1954 mo·

224 2000 319 2064 -dum
366 1999 534 2062 describit:
586 1999 790 2080 »Uebrigens
836 1999 1007 2079 bewegten
1043 1997 1113 2062 sich
1150 2000 1313 2080 derartige

241 2105 425 2172 Schw'anke
463 2106 537 2170 sehr
569 2106 616 2168 oft
651 2106 853 2187 keineswegs
888 2107 937 2170 in'
954 2108 1012 2170 der
1036 2105 1306 2188 phantastischen

244 2186 474 2278 Marene‘nwett
508 2215 567 2276 des
601 2214 677 2277 echt
705 2214 934 2295 Aesopischen
957 2213 1072 2294 λόγος,
1097 2217 1239 2278 sonderu
1263 2215 1309 2276 sie

244 2343 350 2388 waren
390 2321 517 2386 einlach
540 2343 599 2384 aus
622 2323 697 2384 dem
723 2322 923 2385 niichternen
948 2320 1224 2386 Menschenlehen
1247 2321 1313 2384 aus·

244 2431 402 2513 gegrifsen
437 2433 503 2494 und
539 2429 668 2493 durlten
694 2430 764 2494 sich
788 2431 895 2492 weder
919 2432 993 2492 dem
1019 2429 1123 2494 Stoffe
1147 2430 1232 2494 noch
1256 2431 1314 2492 der

243 2538 434 2620 Aussiirung
469 2538 553 2602 nach
582 2539 680 2620 jenen
717 2537 889 2619 eigentlich
915 2537 1106 2618 poetischen
1131 2525 1313 2600 Producten

244 2668 285 2710 an
318 2647 373 2710 die
396 2645 484 2709 Seite
507 2645 632 2710 stellen.
682 2643 769 2710 Statt
793 2646 850 2708 der
873 2643 1090 2726 behaglichen
1115 2645 1223 2708 Breite
1247 2647 1313 2708 und

243 2755 301 2816 des
337 2754 472 2835 ruhigen
508 2753 638 2816 Flusses
673 2755 730 2817 der
768 2751 1034 2816 marchenhalteu
1069 2752 1171 2818 Fabel
1203 2752 1313 2816 huden

244 2864 299 2925 wir
333 2862 401 2924 hier
436 2860 646 2925 meistenteils
680 2863 753 2924 eine
787 2860 1092 2942 epigrammatische
1129 2861 1214 2924 Hast
1248 2862 1312 2926 und

243 2971 444 3052 Knappheit‚
480 2989 607 3034 woraus
643 2990 702 3032 uns
733 2971 775 3031 im
807 2981 915 3032 ersten
939 2969 1106 3032 Momente
1130 2968 1200 3030 klar
1223 2971 1312 3043 wird,

243 3080 320 3142 dass
356 3079 410 3140 wir
446 3098 482 3140 es
517 3077 658 3159 weniger
691 3078 751 3140 mit
784 3078 890 3140 einem
924 3076 1063 3139 Dichter
1085 3075 1134 3138 als
1158 3075 1314 3140 vielmehr

244 3187 301 3248 mit
335 3187 440 3250 einenr
475 3184 694 3248 Witzmacher
717 3199 755 3248 zu
779 3186 858 3248 thun
882 3185 1021 3248 haben».
1071 3182 1236 3265 Quantam
1261 3205 1313 3248 co-

245 3296 331 3375 piam
368 3293 546 3358 lahularum
583 3304 615 3356 et
648 3292 792 3372 γελοίεον
816 3293 1045 3374 Aesopeorum
1070 3290 1313 3373 Aristophanes

216 3486 219 3491 .
244 3402 338 3465 nobis
375 3402 562 3482 prodiderit,
588 3423 629 3464 ex
654 3401 692 3463 iis
716 3401 825 3463 uidere
849 3399 932 3473 licet,
958 3419 1041 3480 quae
1066 3401 1107 3462 de
1132 3398 1311 3462 fabularum
1410 3386 1412 3390 Α

244 3509 385 3591 reliquiis
408 3509 496 3590 apud
517 3507 776 3590 ,Aristophanem
795 3509 933 3570 inuentis
950 3507 1141 3588 conscripsit
1153 3507 1180 3587 J.
1200 3507 1311 3582 Denis,

245 3619 295 3680 De
330 3617 361 3680 la
396 3616 481 3680 sable
516 3616 599 3680 dans
635 3617 813 3697 l'antiquite‘
845 3615 1005 3696 classique
1041 3617 1129 3696 (pag.
1160 3615 1309 3698 15-18l.

243 3726 312 3788 lam
349 3746 407 3806 per
440 3745 476 3788 se
512 3723 604 3787 facile
640 3734 777 3805 apparet
812 3723 1069 3804 Aristophanem
1095 3721 1311 3787 haecomnia

244 3833 527 3914 apophthegmata
569 3841 601 3894 et
640 3831 743 3895 facete
782 3832 869 3894 dicta
908 3851 972 3894 non
1013 3841 1135 3894 temere
1174 3830 1312 3912 Aesopo

244 3941 405 4004 ascribere
428 3941 584 4021 potuisse,
609 3941 667 4002 sed
691 3960 730 4002 ea
754 3941 787 4002 in
811 3938 918 4002 libello
937 3941 1006 4002 eius
1023 3940 1164 4002 auctoris
1181 3940 1312 4002 nomine

245 4047 372 4130 prolato
395 4049 569 4122 exstitisse,
596 4049 681 4110 unde
706 4049 747 4110 de
771 4049 926 4110 memoria
951 4046 1096 4121 sortasse,
1122 4065 1206 4127 quae
1225 4045 1313 4108 utilia

246 4157 423 4234 inuenerat,
464 4157 495 4220 in
535 4177 628 4222 usum
665 4177 756 4222 suunt
792 4157 960 4222 conuertit.
1009 4155 1108 4244 ‘Cuius
1132 4155 1312 4220 sententiae
