3260 4882
718 401 916 480 „156.„.

282 615 312 674 in
349 635 412 696 qua
448 613 624 694 amygdala
659 625 691 676 et
727 613 905 694 palmarum
944 613 1065 688 fructus
1093 625 1201 689 erant„
1219 617 1349 680 inuenta

281 723 360 802 ipse,
386 742 468 802 quae
492 722 535 783 ad
559 723 756 785 uescendum
781 731 859 803 apta
872 731 973 796 erant,
992 723 1204 802 consumpsit,
1222 721 1349 804 glumas

281 839 388 891 autem
415 829 662 910 amygdalorum
687 840 720 890 et
743 849 819 890 ossa
847 828 1004 891 fructuum
1035 827 1216 910 palmarum
1245 831 1277 892 in
1294 850 1350 892 ara
1441 891 1444 896 .

282 937 333 1000 dei
370 957 509 1017 ponens:
550 937 612 998 »Et
646 937 840 1009 exteriora»,
874 937 985 1019 inquit,
1025 946 1075 998 »et
1110 938 1261 1000 intestina
1291 938 1349 1001 tibi

259 1044 419 1109 .tribuo›>.
468 1045 503 1106 In
540 1043 647 1106 Halm.
684 1058 744 1125 205
782 1064 900 1107 coruus
923 1064 958 1106 se
984 1042 1172 1126 Apollinem
1197 1047 1377 1126 decipere'

284 1173 380 1233 posse
416 1153 479 1214 iam
516 1173 581 1214 non
616 1173 752 1233 sperans
776 1152 969 1214 Mercurium
996 1153 1134 1214 inuocat.
1184 1152 1281 1234 Quod
1307 1155 1348 1215 ad

285 1259 348 1326 sab.
371 1261 463 1322 Babr.
485 1277 526 1322 20
548 1261 611 1322 iam
633 1259 695 1322 alio
709 1258 782 1322 loco
793 1270 1081 1322 commemoratam
1096 1261 1221 1334 attinet,
1235 1260 1350 1322 Crusio

285 1367 315 1450 (l.
351 1367 368 1429 l.
406 1389 437 1448 p.
477 1366 551 1450 233)
587 1369 828 1430 assentiendum
858 1377 907 1430 est
931 1369 1045 1429 mirum
1071 1369 1170 1431 uideri
1196 1370 1349 1430 rusticum

285 1473 457 1537 Herculem
493 1473 597 1536 solum
622 1476 756 1536 deorum
781 1476 892 1548 uereri,
917 1485 1015 1556 atque
1038 1496 1098 1536 suo
1122 1477 1189 1537 iure
1215 1474 1349 1538 forsitan

281 1583 427 1646 statuerit.
461 1593 686 1663 argumentum
721 1604 740 1644 a
776 1583 894 1644 Babrio
931 1603 994 1644 non
1031 1594 1117 1644 recte
1149 1583 1344 1646 intellectum

207 1727 211 1732 ·
282 1711 361 1754 esse.
410 1689 544 1756 Summa
579 1701 686 1753 autem
723 1688 851 1752 fabulae
887 1711 986 1770 quum
1022 1691 1119 1752 etiam
1149 1689 1256 1752 Halm.
1281 1707 1347 1768 424

281 1799 492 1872 contineatur,
519 1819 584 1860 non
609 1808 717 1879 potest
741 1799 802 1878 ipsi
826 1799 944 1860 Babrio
966 1798 1085 1873 deberi,
1103 1799 1160 1860 sed
1179 1797 1348 1880 probabile
1448 1883 1450 1888 Ι

282 1907 407 1970 uidetur
441 1927 513 1968 esse
548 1905 628 1968 tales
664 1907 705 1966 de
740 1905 880 1968 Hercule
904 1905 1088 1968 historiolas
1113 1905 1293 1968 rhetoribus
1317 1907 1349 1967 in

281 2013 404 2078 deliciis
428 2013 533 2075 fuisse.
581 2013 627 2074 Vt
651 2012 760 2076 sabula
783 2013 890 2075 Babrii
915 2024 1046 2076 auctore
1071 2013 1185 2076 Crusio
1209 2015 1250 2074 ad
1276 2034 1347 2094 pro-

282 2121 426 2186 uerbium
452 2120 573 2182 Zenob.
600 2120 640 2194 V,
666 2137 706 2199 93
733 2119 808 2182 ficta
832 2131 889 2196 est,
915 2121 960 2182 ita
983 2121 1069 2182 idem
1095 2121 1136 2181 de
1154 2119 1261 2181 Halm.
1280 2137 1346 2198 424

280 2229 489 2292 statuendum
525 2248 596 2288 esse
631 2227 730 2289 homo
766 2226 902 2303 fabulae,
929 2229 981 2308 qui
1013 2227 1168 2290 auxilium
1197 2227 1347 2290 Herculis

282 2339 438 2399 inuocans
477 2336 546 2414 ipse
585 2333 661 2396 nihil
697 2337 765 2415 agit
800 2334 850 2418 (cs.
887 2334 1139 2418 explicationem
1176 2335 1348 2415 prouerbio

178 2435 182 2442 ’
282 2444 452 2516 adiectam,
480 2462 568 2522 prou.
596 2441 692 2504 Alex.
719 2444 773 2521 36:
804 2441 874 2504 »ἐπὶ
904 2444 965 2504 τοῦ
990 2441 1033 2525 μὴ
1057 2444 1176 2522 χρῆναι
1201 2441 1252 2504 ἐπὶ
1276 2447 1349 2520 ταῖς

280 2553 346 2613 τῶν
369 2547 459 2612 aeta
483 2548 589 2612 ἐλπίσι
613 2548 830 2632 καθημένους
854 2552 1018 2630 (maim),
1044 2552 1123 2612 satis
1148 2551 1291 2612 ostendit
1315 2547 1368 2612 et*

281 2658 451 2720 confirmat
481 2657 706 2739 epimythium,
733 2680 798 2739 quo
816 2659 978 2720 'docemur
1001 2659 1083 2720 deos
1108 2679 1173 2720 non
1197 2660 1228 2720 in
1253 2659 1348 2720 rebus

281 2766 464 2840 leuioribus
501 2766 559 2826 sed
585 2767 615 2826 in
641 2767 830 2827 necessariis
854 2766 1057 2827 inuocandos
1081 2786 1161 2828 esse.
1210 2766 1246 2832 ld
1271 2787 1348 2847 quo·

281 2895 345 2954 que
369 2873 410 2934 de
434 2874 558 2953 origine
582 2872 762 2935 fabularum
787 2874 950 2935 communi
975 2875 1084 2935 testari
1105 2873 1231 2935 uidetur
1248 2874 1346 2953 quod,

282 3002 381 3062 quum
419 2982 450 3042 in
481 2981 654 3061 prouerbio
692 2981 858 3042 Mineruae
887 2981 1009 3042 mentio
1035 2981 1070 3042 fit
1094 2992 1126 3042 et
1151 2980 1258 3044 Halm.
1286 2998 1349 3060 300

252 3149 254 3154 .
282 3090 400 3169 adagio
436 3090 666 3162 conuenienter
701 3089 795 3150 deam
827 3087 911 3149 illam
947 3089 1131 3164 introducit,
1158 3089 1293 3150 Babrius
1316 3099 1349 3151 et

283 3194 391 3258 Halm.
428 3213 491 3274 424
528 3195 700 3258 Herculem
731 3197 761 3256 in
787 3217 918 3257 scenam
943 3196 1176 3276 produxerunt.
1225 3194 1348 3258 Fabula

282 3304 389 3366 Babrii
426 3320 465 3382 23
503 3304 661 3366 aCrusio
686 3324 751 3364 non
777 3315 1042 3379 commemorata,
1067 3305 1098 3365 in
1124 3324 1189 3384 qua
1214 3305 1348 3365 rusticus

282 3412 361 3485 deis,
377 3472 380 3479 ,
398 3412 423 3472 si
460 3411 558 3474 furem
594 3413 675 3475 tauri
701 3411 992 3491 comprehenderit,
1024 3432 1144 3492 agnum
1169 3410 1346 3492 pollicetur,

283 3529 398 3599 postea
433 3529 539 3581 autem
576 3517 703 3582 leonem
740 3539 812 3580 eum
849 3539 920 3580 esse
956 3520 1068 3580 uidens
1093 3518 1143 3581 uel
1168 3520 1296 3594 bouem,
1322 3519 1348 3580 si

283 3626 439 3707 effugerit,
466 3629 633 3707 promittit,
651 3626 738 3688 haud
755 3626 852 3687 dubie
869 3627 911 3686 ad
928 3629 1066 3688 eundem
1084 3627 1218 3688 deorum
1237 3625 1346 3688 dolum

282 3733 505 3796 illustrandum
530 3735 668 3814 pertinet
684 3745 781 3814 atque
798 3733 906 3796 Halm.
928 3736 976 3812 58.
1007 3734 1052 3795 Vt
1070 3735 1204 3796 rusticus
1221 3733 1348 3796 fabulae

282 3841 376 3904 Babr.
402 3861 499 3922 agn0,
525 3842 569 3902 ita
593 3841 692 3903 homo
716 3860 843 3921 pauper
860 3840 923 3903 lab.
942 3839 1050 3904 Halm.
1069 3851 1138 3904 tota
1154 3841 1348 3926 hecatombe

282 3949 443 4029 promissa
477 3949 519 4023 id,
556 3949 646 4029 quod
674 3958 776 4028 optat,
802 3948 962 4028 impetrat.
1010 3949 1056 4010 Vt
1080 3960 1187 4010 autem
1213 3949 1348 4011 rusticus

283 4056 376 4118 Babr.
417 4056 576 4117 fortunam
614 4075 646 4116 re
682 4075 759 4116 uera
794 4054 990 4136 fugiendam,
1028 4077 1093 4118 non
1129 4057 1347 4138 expetendam

284 4163 388 4239 luisse,
426 4166 470 4226 ita
505 4183 628 4249 pauper
665 4160 770 4228 Halm.
811 4165 849 4248 58
886 4162 1042 4234 intellexit
1077 4165 1157 4234 deos
1182 4162 1345 4233 oraculum
