3244 4868
773 383 950 463 „76-

323 607 356 658 et
388 598 511 659 Iustino
547 599 694 678 exceptis
729 598 851 660 mentio
886 597 958 662 eius
993 607 1076 660 teste
1107 597 1280 662 Schwabio
1304 599 1331 679 (l
1356 620 1387 679 p.

325 703 400 787 382)
435 704 522 768 nullo
557 703 733 767 litterarum
757 706 962 787 antiquarum
987 704 1060 767 loco
1084 704 1128 768 fit.
1176 704 1275 768 Vnde
1302 704 1388 769 colli-

323 813 466 893 gendum
502 831 573 875 esse
608 814 706 874 credo
739 813 895 875 lustinum
920 811 971 874 uel
996 813 1104 894 potius
1128 822 1296 875 auctorem
1321 814 1389 876 eius

324 941 395 982 eam
425 941 466 982 ex
492 919 653 1000 farragine
676 921 841 1001 scriptoris
865 919 1019 983 naturalis
1042 920 1196 983 historiae
1220 931 1276 982 aut
1299 941 1389 1001 para-

324 1027 533 1109 doxographi
568 1027 673 1090 minus
689 1028 825 1112 ¹cogniti
849 1029 1037 1108 sumpsisse,
1063 1026 1176 1109 quales
1200 1027 1320 1090 multos
1345 1027 1360 1090 Ι
1378 1064 1387 1074 -

324 1137 387 1197 isse
421 1155 463 1196 ex
498 1135 782 1206 commentatione,
818 1155 916 1217 quam
952 1135 994 1198 de
1028 1134 1221 1222 Alexandro
1253 1135 1388 1214 Myndio

323 1243 515 1323 conscripsit
539 1241 763 1304 Wellmannus
781 1242 936 1321 (Hermae
952 1242 1072 1317 XXVI,
1091 1262 1166 1324 pag.
1184 1244 1387 1323 481—555),

324 1349 437 1412 elucet.
486 1349 666 1412 Phaedrum
691 1349 841 1412 consulto
865 1351 1013 1412 ementiri
1037 1371 1072 1412 se
1096 1371 1168 1412 eam
1191 1371 1234 1412 ex
1250 1349 1388 1431 Aesopo

324 1458 471 1521 hausisse
506 1468 616 1520 tamen
650 1479 716 1520 non
752 1458 933 1538 putandum
964 1467 1022 1520 est.
1071 1456 1228 1519 Fabulam
1253 1457 1390 1520 Phaedri

325 1566 348 1640 Ι,
384 1578 422 1644 25
458 1586 478 1626 a
513 1564 681 1627 Macrobio
717 1565 755 1640 II,
795 1581 823 1640 2,
862 1579 890 1644 7,
917 1564 1058 1628 Aeliano
1083 1575 1148 1628 nat.
1175 1585 1226 1626 an.
1252 1564 1308 1640 Vl,
1338 1577 1387 1644 53,

325 1671 425 1734 Plinio
461 1671 533 1734 hist.
559 1683 623 1735 nat.
650 1672 737 1747 VIII,
768 1675 841 1751 148,
868 1672 981 1736 Solino
1005 1672 1078 1748 XV,
1108 1689 1145 1733 12
1170 1672 1276 1734 afferri
1299 1683 1389 1736 nota-

326 1782 372 1844 uit
406 1781 554 1843 Havetus
578 1801 653 1861 pag,
691 1797 742 1858 24.
795 1779 896 1861 Apud
926 1790 1074 1843 auctores
1099 1780 1298 1861 antiquiores
1321 1781 1390 1844 eius

325 1889 447 1973 mentio
471 1889 573 1962 deest,
598 1889 680 1950 sicut
704 1889 800 1950 etiam
824 1889 857 1950 in
881 1887 970 1950 libris
993 1887 1101 1950 Babrii
1125 1897 1157 1950 et
1182 1886 1297 1949 fabulis
1318 1908 1388 1968 pro-

327 1997 422 2058 saicis
457 1996 592 2076 graecis,
640 1994 818 2070 ElabuliS,
844 2016 925 2076 quas
949 1995 1095 2058 Phaedro
1120 2015 1192 2058 cum
1218 1992 1389 2058 Plutarcho

324 2123 513 2166 communes
548 2123 619 2164 esse
648 2104 884 2164 demonstrauit
908 2102 1048 2179 CrusiuS,
1074 2122 1138 2166 una
1161 2102 1198 2183 (I,
1228 2102 1277 2186 18)
1303 2100 1389 2164 nullo

324 2211 386 2274 alio
422 2211 560 2273 occurrit
594 2209 677 2273 loen.
726 2210 823 2272 Vnde
857 2209 1074 2291 colligendum
1109 2220 1159 2272 est
1192 2210 1274 2272 haec
1298 2229 1389 2290 argu·

324 2329 434 2382 menta
469 2319 501 2380 in
536 2319 728 2398 antiquitate
762 2319 868 2380 minus
902 2317 1035 2399 uulgata
1066 2317 1172 2380 fuisse.
1221 2316 1256 2380 Si
1280 2327 1388 2380 autem

326 2425 444 2507 quibus
478 2425 559 2487 locis
592 2425 651 2486 has
682 2424 807 2488 fabulas
842 2427 986 2506 posuerit
1010 2425 1173 2488 Phaedrus
1198 2425 1389 2505 quaesiueri-

324 2555 410 2617 mus,
430 2534 518 2596 haud
542 2531 640 2595 dubie
664 2534 778 2596 mirum
803 2553 875 2620 esse
897 2532 1059 2595 uidebitur
1080 2533 1193 2606 euml,
1217 2534 1269 2608 183
1288 2532 1312 2608 Ι,
1334 2549 1387 2610 193

324 2642 349 2718 Ι,
384 2658 425 2704 20
459 2643 543 2703 inter
565 2661 601 2703 se
625 2642 850 2716 connexuisse,
875 2642 958 2703 sicut
981 2640 1054 2703 loco
1078 2640 1258 2721 posteriore
1282 2639 1305 2714 I,
1332 2655 1350 2700 2
1357 2652 1388 2718 53

324 2750 348 2824 I,
385 2750 436 2810 26.
484 2748 541 2810 Ad
576 2748 659 2811 hanc
695 2748 942 2829 dispositionem
967 2747 1189 2812 illustrandam
1214 2725 1324 2809 nescio
1348 2767 1390 2809 an

324 2856 424 2920 uerba
462 2857 539 2932 eiua,
580 2859 622 2918 de
660 2856 777 2936 quibus
815 2876 913 2937 supra
948 2857 1010 2937 egi,
1047 2875 1192 2936 prooem.
1228 2855 1251 2930 l,
1285 2871 1386 2934 3-4:

328 2964 478 3045 »Duplex
513 2961 611 3026 libelli
646 2963 707 3025 dos
738 2973 796 3038 est,
826 2966 915 3044 quod
951 2965 1048 3026 risum
1073 2972 1184 3024 mouet
1231 2962 1273 3024 Et
1297 2963 1386 3044 quod

324 3072 475 3153 prudenti
510 3072 609 3133 uitam
645 3070 779 3134 consilio
812 3082 944 3133 monet»
981 3069 1102 3151 aliquid
1127 3068 1267 3132 ualeant.
1315 3069 1390 3132 Cru-

324 3181 389 3241 sius
418 3178 536 3259 (Rhen.
563 3179 645 3241 Mus
693 3179 842 3254 XXXIX,
868 3199 944 3260 pag.
970 3177 1046 3262 605)
1071 3177 1210 3240 breuiter
1233 3178 1390 3240 indicauit

325 3297 550 3368 argumentum
575 3285 722 3349 'Phaedri
757 3287 780 3362 I,
819 3287 860 3348 26
897 3287 1023 3367 Aesopi
1046 3286 1184 3365 γελοῖον
1208 3285 1389 3366 putandum

240 3402 243 3405 ’
324 3415 405 3457 esse.
453 3395 544 3482 Idem
580 3395 677 3457 etiam
713 3396 754 3456 de
789 3395 813 3470 I,
854 3397 907 3470 18;
944 3395 967 3469 I,
1009 3411 1062 3472 19;
1088 3394 1101 3454 I
1128 3409 1184 3470 20;
1210 3392 1233 3468 l,
1260 3406 1299 3472 25
1326 3393 1390 3457 dici

325 3523 422 3584 posse
446 3503 553 3565 credo
602 3501 637 3566 Si
661 3504 756 3583 igitur
779 3524 827 3577 ea,
853 3522 937 3582 quae
960 3501 1000 3564 de
1017 3502 1145 3563 duabus
1162 3499 1389 3564 collectionum

324 3610 552 3690 Aesopearum
588 3611 734 3691 partibus
770 3611 942 3691 disputaui,
968 3629 1045 3672 uera
1069 3619 1153 3680 sunt,
1179 3608 1267 3671 haud
1291 3608 1390 3670 dubie

325 3719 490 3781 Phaedrus
514 3718 572 3781 has
597 3717 722 3780 fabulas
745 3739 787 3780 ex
811 3715 911 3779 altera
936 3716 1034 3778 sontis
1057 3717 1107 3778 sui
1131 3726 1224 3797 parte
1240 3717 1387 3798 sumpsit.

325 3826 488 3890 Phaedrus
523 3847 623 3908 quum
660 3824 785 3888 fabulas
820 3826 844 3899 l,
886 3825 970 3898 1-l,
1001 3839 1048 3904 17,
1075 3844 1211 3905 quarum
1236 3844 1388 3905 magnam

326 3944 450 4015 partem
484 3955 557 3996 cum
593 3934 712 3995 Babrio
737 3953 942 3994 communem
967 3932 1075 4004 habet,
1101 3953 1143 3994 ex
1168 3933 1274 4012 priore
1297 3941 1390 4012 parte

326 4044 422 4106 sontis
464 4043 620 4123 Aesopei,
667 4050 701 4102 ut
737 4041 887 4121 prudenti
923 4041 1023 4103 uitam
1059 4038 1195 4102 consilio
1231 4048 1387 4114 moneret,

324 4133 525 4231 sumpsisset,
550 4148 676 4211 fabulas
705 4150 832 4210 18-20
857 4158 892 4209 ut
916 4149 1011 4210 risum
1037 4148 1214 4230 legentium
1231 4157 1387 4221 moueret,
