3244 4868
773 397 945 457 „44-

324 593 488 673 particeps
522 591 622 654 suisse
657 593 790 656 uidetur.
839 593 909 654 Leo
944 592 1032 654 solus
1068 593 1223 674 praedam
1256 595 1387 675 excipit.

304 697 419 780 -Quae
454 719 552 780 quum
586 692 633 761 ‘ita
667 701 740 774 sint,
776 701 855 762 uitio
891 702 989 763 credo
1015 701 1213 763 'societatem
1239 701 1387 775 ferarum,

323 827 407 888 quae
430 817 480 868 est
504 808 536 869 in
561 806 655 868 Babr.
681 808 722 886 67
746 833 791 864 :
814 808 949 870 Phaedr.
976 808 998 883 Ι,
1026 821 1053 887 5,
1071 810 1101 869 in
1120 806 1261 870 fabulam
1279 807 1387 871 Halm.

326 927 389 993 259
419 912 608 976 translatam
632 935 713 976 esse.
761 912 861 995 Quod
885 915 1050 977 Phaedrus
1073 914 1182 977 sabula
1206 915 1229 991 Ι,
1258 928 1272 994 5
1299 925 1389 997 quat·

324 1031 396 1083 tuor
428 1041 587 1102 personas
611 1023 741 1096 inducit,
767 1023 904 1084 Babrius
928 1022 1037 1084 fabula
1059 1023 1101 1103 67
1127 1023 1218 1098 duas
1243 1043 1309 1085 non
1333 1023 1388 1085 du-

323 1128 392 1189 bito
428 1129 504 1210 quin
536 1139 622 1191 recte
646 1131 820 1192 coniecerit
842 1130 990 1192 Havetus
1014 1130 1194 1192 Phaedrum
1220 1150 1388 1192 numerum
1454 1169 1456 1175 ·

323 1256 534 1316 personarum
560 1236 688 1298 fabulae
709 1239 857 1299 societati
874 1239 983 1299 nescio
1001 1238 1051 1298 cui
1068 1257 1221 1300 romanae
1237 1247 1390 1319 quattuor

323 1364 536 1423 personarum
554 1364 693 1426 aequare
710 1344 861 1420 uoluisse,
879 1355 913 1406 ut
930 1356 1014 1406 tecte
1032 1345 1178 1406 inimicos
1194 1365 1271 1406 suos
1288 1345 1389 1426 ipsius

323 1452 506 1532 castigaret.
566 1448 716 1514 Ceterum
763 1453 963 1532 ineptissime
1009 1453 1090 1514 haec
1135 1451 1286 1514 animalia
1327 1452 1388 1514 sibi

322 1558 500 1638 sumpsisse
530 1561 702 1635 uideretur,
728 1560 921 1640 dequibus,
947 1570 981 1621 ut
1005 1561 1037 1621 in
1061 1560 1202 1622 editione
1227 1558 1388 1622 Schwabii

322 1665 346 1740 I,
383 1686 458 1747 pag.
497 1668 559 1745 318
596 1669 712 1742 inueni,
750 1668 813 1728 iam
849 1667 1039 1749 Lessingius
1073 1668 1167 1729 haec:
1197 1667 1278 1728 »Die
1300 1667 1386 1742 Kuh,

323 1774 434 1853 inquit,
471 1775 524 1836 die
559 1775 668 1854 Ziege,
704 1776 763 1837 das
798 1773 928 1849 Schaas,
965 1777 1021 1836 der
1057 1761 1166 1849 Lbue,
1202 1773 1303 1836 welch
1336 1776 1388 1838 ein

323 1879 551 1944 Gesellschaftl
596 1882 673 1944 Und
698 1883 757 1944 wie
781 1903 847 1944 war
869 1902 904 1944 es
929 1881 1080 1962 moglich,
1106 1882 1183 1944 dass
1206 1882 1275 1944 sich
1299 1882 1388 1944 diese

322 1989 389 2050 vier
423 2010 460 2050 zu
496 1990 602 2050 einern
637 1989 754 2051 Zweck
789 1990 973 2070 vereinigen
1000 1989 1154 2052 konnten.
1202 1989 1278 2052 Und
1303 1989 1388 2051 noch

322 2115 382 2176 gar
404 2117 459 2157 zur
477 2097 594 2177 Jagd»,
620 2097 681 2158 nisi
704 2116 778 2158 eum
802 2096 865 2158 hoc
886 2098 985 2158 modo
1002 2097 1106 2178 ipsam
1124 2107 1270 2158 naturam
1287 2097 1387 2158 homi·

322 2199 409 2278 num,
434 2205 489 2284 qui
512 2204 562 2266 his
584 2202 778 2266 animalibus
793 2203 1055 2284 subintelligendi
1070 2214 1189 2279 essent,
1207 2205 1388 2285 exprimere

324 2309 464 2373 uoluisse
500 2311 594 2373 nobis
628 2313 776 2374 conicere
810 2310 928 2372 liceret.
977 2310 1080 2373 Multo
1116 2310 1228 2374 melius
1259 2310 1388 2374 fabulae

323 2417 419 2480 Babr.
455 2421 497 2498 67
534 2429 566 2480 et
601 2418 709 2480 Halm.
748 2421 810 2497 258
847 2417 973 2480 leonem
1009 2403 1165 2481 inducunt
1199 2429 1232 2481 et
1262 2420 1385 2481 asinum

323 2525 511 2601 siluestrem,
538 2529 579 2588 de
599 2547 666 2607 quo
683 2525 872 2588 Schwabius
889 2546 964 2607 pag.
984 2529 1046 2605 318
1064 2527 1262 2607 argumentis
1277 2527 1387 2588 nescio

323 2634 440 2714 quibus
457 2635 545 2696 nisus
561 2634 639 2696 dicit
654 2643 803 2695 constare
822 2653 913 2696 »eum
927 2654 1025 2714 quum
1040 2635 1194 2714 praedam
1207 2633 1386 2697 siluestrem

323 2751 488 2822 appetere,
513 2751 580 2803 tum
605 2741 756 2803 carnibus
781 2742 899 2804 uesci».
948 2741 1009 2804 His
1033 2743 1128 2823 igitur
1147 2742 1253 2804 causis
1269 2743 1387 2804 adduc·

322 2859 374 2912 tus
409 2850 542 2913 dubium
579 2870 645 2910 non
681 2869 752 2912 esse
788 2870 906 2912 censeo
941 2851 1018 2932 quin
1054 2851 1193 2912 narratio
1226 2849 1387 2914 Babriana

323 2957 459 3024 sormam
484 2956 612 3020 fabulae
635 2976 709 3018 uere
733 2956 910 3037 Aesopeae
933 2959 1103 3039 exprimat.

428 3065 575 3126 Transeo
599 3064 641 3126 ad
666 3062 817 3136 fabulam,
843 3085 927 3146 quae
951 3075 1000 3126 est
1024 3067 1065 3127 de
1086 3066 1213 3128 duabus
1230 3066 1315 3146 peris
1330 3065 1385 3128 ho-

321 3172 462 3234 minibus
486 3172 655 3252 impositis
680 3171 722 3234 de
746 3192 810 3253 qua
834 3173 867 3233 id
890 3173 1152 3235 animaduersum
1169 3172 1265 3234 uelim
1282 3171 1385 3236 solam

321 3300 393 3342 esse
428 3300 500 3342 eam
534 3277 803 3341 narratiunculam
839 3277 890 3363 (cf.
928 3279 1046 3342 Havet.
1083 3299 1158 3362 pag.
1194 3279 1278 3364 254),
1303 3301 1387 3360 quae

322 3388 459 3449 Phaedri
490 3397 522 3448 et
545 3386 653 3448 Babrii
677 3388 858 3449 communis
881 3397 939 3449 est.
988 3387 1114 3449 Tamen
1138 3408 1178 3450 ea
1201 3407 1243 3450 ex
1267 3407 1300 3448 re
1324 3386 1386 3449 col-

321 3494 421 3577 ligere
456 3513 522 3555 non
546 3492 621 3555 licet
643 3493 950 3556 narratiunculamm
976 3515 1142 3556 numerum
1167 3496 1199 3556 in
1223 3495 1387 3575 Aesopeis

321 3601 566 3664 collectionibus
597 3602 738 3683 antiquis
762 3622 897 3682 paruum
923 3600 1029 3676 fuisse,
1055 3603 1209 3683 quoniam
1233 3601 1285 3664 alii
1309 3622 1386 3683 quo-

321 3729 384 3790 que
419 3718 568 3771 auctores
598 3707 852 3772 narratiunculas
876 3709 1043 3790 praebent,
1069 3729 1152 3790 quae
1176 3709 1263 3770 haud
1288 3709 1386 3770 dubie

321 3837 363 3878 ex
391 3816 529 3897 Aesopo
553 3827 704 3897 sumptae
727 3836 799 3878 esse
822 3817 982 3879 uidentur.
1031 3816 1103 3878 Hac
1127 3817 1223 3897 igitur
1246 3826 1387 3896 excepta

321 3943 435 3986 omnes
459 3922 586 3986 fabulae
610 3925 717 3986 Babrii
742 3934 774 3985 et
795 3911 930 3986 Phaedri
947 3944 1136 3986 communes
1152 3923 1285 4005 apologi
1302 3933 1384 3986 sunt.

321 4031 390 4094 Nee
414 4033 455 4092 de
479 4031 540 4094 hac
555 4033 635 4095 satis
650 4032 866 4094 consentiunt.
893 4030 1030 4092 Babrius
1047 4033 1131 4094 enim
1148 4032 1384 4106 Prometheum,

321 4138 484 4203 Phaedrus
527 4140 637 4202 Iouem
681 4139 865 4202 hominibus
904 4158 999 4218 peras
1037 4140 1259 4219 imponentem
1300 4138 1384 4200 facit.
