3260 4882
766 429 965 476 -102-

330 627 509 708 prehensae
543 635 720 688 tractantur
753 625 929 707 ὰνασκευή
965 638 997 690 et
1030 625 1227 707 κατασκευή
1256 629 1398 710 itemque

331 731 497 816 ἐγκώμιον
520 743 553 796 et
576 731 699 817 ψόγος,
724 755 808 814 quae
824 735 1011 797 testimonio
1027 735 1153 796 Tzetzis
1169 734 1224 815 (de
1240 756 1306 816 quo
1323 737 1398 806 uide

331 840 542 923 Hoppichler.
568 861 642 922 pag.
674 843 724 920 19)
748 843 928 923 posteriore
944 851 1091 922 tempore
1114 862 1260 904 seorsum
1284 853 1398 905 tracta·

330 949 377 1011 uit
411 947 631 1028 Aphthonius.
680 948 794 1023 Etiam¹
824 949 1034 1040 Hermogene
1069 949 1241 1012 Theonem
1257 945 1397 1031 superio-

332 1075 399 1118 rem
434 1075 507 1118 esse
541 1056 621 1117 satis
655 1054 796 1119 dilucide
832 1055 1037 1138 Hoppichler
1065 1055 1086 1120 l.
1111 1055 1131 1119 l.
1157 1077 1233 1138 pag.
1258 1071 1300 1136 27
1325 1077 1397 1140 sqq.

330 1163 598 1243 comprobauisse
633 1163 760 1226 uidetur
783 1165 821 1226 iis
845 1165 1051 1245 potissimum
1076 1165 1275 1245 argumentis
1299 1165 1396 1240 nisus

330 1270 419 1352 quod
463 1269 557 1330 Theo
597 1268 741 1351 pleniora
780 1270 913 1350 protulit
951 1281 1137 1352 praecepta,
1177 1291 1261 1352 quae
1300 1272 1397 1333 ceteri

330 1377 435 1458 magis
459 1377 627 1458 magisque
651 1387 892 1452 contraxerunt,
918 1378 1061 1458 etquod
1087 1377 1180 1440 Theo
1197 1397 1297 1460 quum
1316 1378 1394 1440 Her·

332 1496 509 1564 mogoram'
534 1492 568 1545 et
601 1474 812 1546 Theodorum
845 1483 1029 1548 Gadareum
1058 1485 1216 1548 obscuros
1243 1506 1323 1548 sane
1349 1507 1399 1548 so-

331 1591 456 1672 phiatas
490 1593 822 1666 commemorauisset,
859 1593 1055 1656 mentionem
1091 1602 1124 1654 et
1159 1592 1343 1674 Aphthonii
1367 1604 1399 1656 et

290 1699 292 1704 ’
331 1698 551 1779 Hermogenis
575 1698 739 1761 rhetorum
764 1697 1013 1762 clarissimorum
1030 1699 1135 1762 facere
1151 1701 1269 1762 omisit.
1306 1701 1397 1763 Idem

331 1804 535 1886 Hoppichler
558 1805 577 1868 l.
596 1804 614 1868 l.
633 1825 709 1886 pag.
729 1823 746 1868 2
751 1823 768 1884 3
786 1817 873 1868 recte
889 1806 966 1870 mihi
984 1808 1110 1870 uidetur
1120 1808 1304 1889 repperisse
1317 1809 1397 1870 Her·

332 1933 504 1994 mogenem
517 1932 604 1975 anno
622 1926 680 1992 175
696 1923 772 1993 post
784 1911 947 1976 Christum
965 1935 983 1975 a
1002 1913 1113 1976 Marco
1131 1914 1275 1990 Aurelio,
1288 1916 1343 1996 qui
1355 1937 1395 1978 eo

331 2019 403 2101 ipso
435 2029 583 2102 tempore
606 2021 639 2082 in
663 2021 820 2082 orientem
846 2020 1010 2101 profectus
1033 2032 1128 2098 esset,
1153 2033 1187 2084 ut
1203 2022 1397 2086 seditionem

330 2127 444 2190 Auidii
467 2125 571 2190 Cassii
595 2128 791 2208 reprimeret,
817 2128 964 2192 auditum
987 2148 1068 2191 esse.
1086 2127 1239 2211 Sequitur
1255 2142 1289 2192 ut
1304 2130 1399 2193 Theo

330 2235 446 2297 anteid
455 2245 585 2316 tempus
595 2216 1192 2318 progymnasmatasuaconscripserit.
1203 2237 1398 2319 QuodHop.

331 2342 453 2424 pichler
488 2344 716 2405 animaduertit
744 2363 780 2404 se
803 2345 912 2406 omnia
937 2346 1270 2424 praeexercitamenta
1293 2345 1398 2408 Theo-

331 2452 380 2512 nis
414 2470 434 2511 a
467 2448 668 2530 Quintiliano
699 2462 954 2514 commemorata
979 2472 1049 2514 esse
1073 2453 1235 2514 inuenisse
1259 2453 1399 2534 indeque

331 2556 495 2620 concludit
529 2557 699 2619 Theonem
735 2558 865 2620 saeculo
900 2560 1006 2639 primo
1039 2569 1114 2622 ante
1139 2559 1301 2622 Christum
1325 2581 1398 2623 exe.-

332 2666 399 2733 unti
433 2675 467 2727 et
502 2666 607 2746 primo
643 2676 718 2746 post
752 2665 916 2729 Christum
939 2667 1063 2729 ineunti
1086 2667 1290 2730 tribuendum
1315 2687 1397 2744 esse,

189 2844 194 2853 Ι
231 2839 234 2844 ,
331 2773 412 2834 haec
447 2773 632 2834 coniectura
666 2793 737 2836 eam
771 2774 815 2835 ob
850 2794 918 2836 rem
953 2775 1123 2837 concidere
1158 2775 1235 2836 mihi
1260 2776 1396 2851 uidetur,

331 2880 421 2960 quod
445 2900 544 2961 quum
569 2881 642 2960 ipso
666 2879 892 2962 Hoppichlero
917 2892 1049 2944 auctore
1065 2880 1152 2966 (pag.
1172 2885 1226 2964 28)
1245 2903 1287 2946 ne
1303 2883 1397 2945 Theo

331 2987 462 3067 quidem
486 2987 608 3066 primus
632 3000 924 3069 progymnasmata
947 2991 1203 3070 conscripsisset,
1229 2989 1395 3072 Quintilia-

331 3115 392 3157 nus
415 3093 531 3156 eadem
556 3099 654 3176 atque
677 3095 823 3158 Theonis
847 3108 1023 3177 praecepta
1047 3098 1144 3158 etiam
1169 3117 1211 3160 ex
1235 3096 1399 3180 exempla-

332 3202 420 3264 ribus
454 3200 548 3264 huius
581 3201 780 3284 cognoscere
815 3205 930 3284 potuit.
978 3204 1051 3266 Hac
1083 3205 1181 3285 igitur
1213 3207 1399 3268 coniectura

333 3313 559 3390 praetermissa
582 3331 624 3372 ex
649 3312 696 3386 iis,
721 3330 805 3391 quae
829 3331 927 3392 supra
950 3312 1145 3386 dictasunt,
1170 3311 1275 3376 elucet
1290 3313 1397 3376 Babri·

332 3439 396 3494 um,
432 3438 531 3500 quum
566 3420 637 3499 ipse
672 3419 803 3481 ineunte
838 3420 933 3482 tertio
969 3429 1044 3500 post
1080 3418 1242 3482 Christum
1266 3419 1397 3482 saeculo

332 3527 469 3601 floreret,
496 3524 548 3588 uel
572 3527 643 3607 ipsa
667 3526 812 3589 Theonis
836 3528 956 3608 scripta
973 3528 1131 3608 inspicere
1148 3538 1180 3590 et
1197 3509 1397 3609 cognoscere

332 3635 486 3715 potuisse.
534 3634 571 3695 Id
606 3634 737 3715 quidem
773 3633 980 3700 difficultates
1004 3655 1135 3697 mouere
1160 3635 1285 3697 uidetur
1308 3636 1397 3716 quod

332 3751 448 3816 aetate,
484 3762 549 3822 qua
573 3741 725 3804 Babrium
749 3741 896 3806 floruisse
919 3752 1100 3805 statuerunt
1124 3743 1182 3804 uiri
1206 3743 1304 3818 docti,
1329 3745 1398 3806 sine

332 3849 431 3910 dubio
460 3869 565 3930 neque
589 3849 734 3912 Theonis
758 3871 865 3931 neque
888 3860 1056 3912 auctorum
1080 3851 1150 3912 eius
1166 3852 1397 3932 praeexercita-

332 3965 442 4018 menta
457 3957 565 4018 studia
580 3957 748 4020 hominum
765 3956 892 4020 allicere
904 3967 1087 4038 potuerunt.
1113 3959 1190 4021 Non
1201 3959 1335 4021 dubium
1349 3969 1398 4021 est

332 4064 408 4145 quin
432 4073 518 4126 recte
542 4063 686 4126 Walzius
709 4065 723 4126 l
744 4085 820 4146 pag.
843 4081 903 4144 139
920 4085 962 4128 ex
979 4066 1127 4128 codicum
1145 4068 1308 4147 paucitate
1323 4085 1396 4129 con-

332 4169 461 4234 cluserit
485 4171 655 4234 Theonem
680 4173 710 4234 in
736 4173 928 4253 antiquitate
952 4172 1148 4256 Aphthonio
1172 4174 1395 4256 posthabitum
