3244 4868
777 387 956 465 ..53„.

328 595 470 676 hospitio
506 597 627 677 recipit,
664 599 724 660 sed
759 598 889 662 fortuito
914 601 945 662 in
969 601 1023 664 uia
1046 601 1304 683 proficiscentem
1331 623 1395 664 rnu-

327 723 395 766 rem
427 704 587 768 urbanum
611 705 734 768 inuitat.
782 707 839 769 Ad
864 707 987 771 fontem
1011 709 1204 790 Aesopeum
1229 711 1396 792 utriusque

327 810 415 873 haud
451 811 549 874 dubie
584 812 841 877 transferendum
878 825 936 890 est,
972 817 1061 897 quod
1086 816 1192 878 exitus
1216 815 1395 880 fabularum

328 918 529 982 Horatianae
564 929 597 982 et
631 919 811 984 Babrianae
846 923 932 986 idem
967 933 1031 987 est:
1057 921 1127 1002 ἐγὼ
1151 920 1191 986 δὲ
1215 925 1309 1003 λιτῆς
1331 923 1396 988 οὑκ

328 1025 497 1110 ἀφέξομαι
545 1025 666 1112 βώλου,
715 1027 818 1110 ὑφ’ἣν
856 1029 908 1102 τὰἸ
935 1029 1058 1112 κρίμνα
1096 1029 1138 1113 μὴ
1178 1029 1396 1118 φοβούμενος

216 1209 217 1218 ¹
326 1131 446 1214 τρώγω
480 1161 526 1190 --
549 1134 691 1198 Horatii:
725 1136 779 1198 Me
803 1136 883 1199 silua
907 1157 1070 1219 canusque
1092 1148 1182 1202 tutus
1206 1139 1248 1201 ab
1272 1140 1395 1202 insidiis

328 1243 416 1304 tenui
451 1242 609 1305 solabitur
643 1264 731 1307 eruo.
780 1244 961 1320 Horatium,
988 1246 1078 1308 cuius
1102 1256 1256 1327 poemata
1280 1245 1395 1311 sabulis

328 1347 549 1412 fabularumue
584 1349 794 1414 allusionibus
829 1351 1007 1427 abundant,
1044 1373 1087 1416 ex
1122 1351 1204 1416 libro
1235 1343 1394 1436 Aesopeo

327 1455 422 1520 simili
468 1477 510 1520 ex
556 1479 622 1540 quo
669 1459 764 1522 etiam
812 1459 964 1522 Babrium
1008 1469 1040 1522 et
1075 1460 1256 1526 Phaedrum
1292 1459 1393 1526 multa

330 1565 484 1646 petiuisse
508 1575 542 1628 et
567 1567 599 1627 in
624 1586 716 1628 usum
741 1587 834 1628 suum
860 1547 994 1630 uertisse
1016 1569 1215 1631 credendum
1238 1578 1296 1632 est.
1345 1570 1396 1632 De

333 1671 449 1734 fabulis
487 1674 614 1754 scriptis
657 1673 846 1736 Horatianis
885 1675 1041 1738 immixtis
1068 1676 1148 1738 scite
1172 1677 1349 1758 disputauit
1368 1677 1395 1758 J.

237 1857 239 1862 ἲ
327 1780 430 1842 Denis'
465 1781 497 1842 in
533 1778 810 1843 commentatione
850 1782 920 1844 »De
943 1781 974 1845 la
998 1781 1083 1845 fable
1106 1784 1189 1846 dans
1212 1782 1391 1866 l'antiquite

327 1876 504 1968 classique»
544 1909 618 1969 pag.
646 1903 786 1967 32--37‚
811 1909 876 1970 quo
900 1891 933 1952 in
956 1889 1039 1952 libro
1063 1892 1192 1954 inuenio
1216 1912 1234 1954 e
1258 1911 1393 1954 numero

327 1995 506 2060 fabularum
542 1996 651 2058 Babrii
685 1997 749 2058 iam
784 2006 995 2060 tractatarum
1025 1998 1068 2061 ab
1093 1999 1230 2063 Horatio
1254 2019 1393 2062 comme·

328 2104 578 2167 morarietiam
614 2103 709 2167 Babr.
747 2119 857 2184 72:
879 2104 960 2168 Hor.
999 2105 1060 2187 Ep.
1097 2106 1121 2182 Ι,
1148 2123 1177 2185 3,
1207 2109 1335 2171 18-20
1359 2117 1392 2170 et

328 2212 422 2275 Babr.
449 2226 489 2291 77
513 2240 559 2268 =
582 2211 662 2274 Hor.
689 2211 750 2293 Ep.
776 2212 799 2288 1,
831 2227 878 2291 17,
907 2225 956 2292 50.
1005 2214 1041 2276 ln
1066 2215 1157 2294 poesi
1182 2212 1282 2294 lyrica
1306 2234 1393 2296 grae-

328 2339 438 2382 corum
474 2339 559 2382 nunc
593 2339 715 2398 magna
745 2340 787 2382 ex
812 2329 903 2400 parte
927 2320 1098 2401 deperdita
1121 2321 1223 2383 multa
1247 2321 1395 2403 Aesope-

327 2447 419 2490 orum
454 2436 715 2508 argumentorum
751 2428 891 2509 uestigia
926 2428 1013 2490 haud
1045 2428 1142 2492 dubie
1165 2429 1391 2505 inueniremuS,

327 2545 363 2598 ut
386 2534 437 2597 uel
461 2538 503 2596 ex
527 2536 564 2596 iis
589 2533 728 2617 reliquiis
752 2547 898 2618 apparet,
924 2556 1007 2618 quae
1023 2538 1073 2602 ad
1089 2556 1150 2598 nos
1166 2547 1391 2619 peruenerunt.

328 2644 379 2708 Ex
404 2641 595 2724 anthologia
618 2642 720 2704 Denis
750 2641 780 2727 (l.
805 2641 824 2706 l.
852 2663 928 2725 pag.
947 2642 999 2728 27)
1016 2644 1104 2706 haud
1122 2664 1227 2725 pauca
1243 2645 1394 2726 deprom-

328 2751 393 2833 psit
427 2749 607 2836 fabularum
632 2761 835 2831 argumenta,
860 2771 997 2832 quorum
1022 2753 1121 2814 etiam
1144 2751 1274 2816 fabulae
1297 2752 1393 2816 Babr.

329 2876 380 2938 29,
405 2858 493 2940 quod
518 2857 560 2920 ab
584 2857 708 2920 Archia
731 2868 902 2922 tractatum
927 2879 1000 2921 esse
1024 2860 1174 2941 repperit.
1224 2912 1226 2918 ,

438 2966 507 3028 Iam
543 2986 584 3027 ex
622 2967 669 3042 iis,
695 2986 778 3048 quae
803 2985 901 3048 supra
924 2967 1084 3048 congessi,
1110 2968 1207 3030 credo
1232 2987 1390 3049 apparere

327 3095 367 3137 ea
416 3074 621 3155 potissimum
665 3083 867 3156 argumenta,
915 3093 999 3155 quae
1044 3074 1228 3136 communia
1274 3074 1395 3137 habent
1435 3061 1438 3066 ¹

328 3180 462 3243 Babrius
485 3190 518 3242 et
541 3180 715 3255 PhaedruS,
741 3182 771 3242 in
797 3182 989 3262 antiquitate
1012 3181 1145 3262 uulgata
1169 3201 1250 3244 esse.
1283 3180 1391 3263 Quum

327 3298 434 3351 autem
470 3285 599 3349 fabulae
636 3287 742 3350 Babrii
778 3297 810 3350 et
844 3288 991 3364 Phaedri,
1026 3309 1271 3369 nonnumquam
1296 3290 1393 3353 etiam

328 3394 455 3458 sabulae
489 3415 626 3477 graecae
661 3397 831 3476 prosaicae
855 3416 957 3477 usque
981 3396 1023 3458 ad
1047 3396 1220 3458 uerborum
1244 3395 1387 3460 similitu·

327 3505 437 3566 dinem
460 3504 545 3566 inter
567 3521 602 3566 se
626 3513 843 3585 congruentes
866 3524 928 3566 nos
952 3504 1083 3566 credere
1106 3504 1302 3584 prohibeant
1324 3514 1393 3567 tan·

327 3622 394 3674 tum
421 3630 478 3691 per
501 3612 706 3674 traditionem
732 3622 924 3692 argumenta
948 3612 1133 3674 auctoribus
1157 3613 1290 3692 cognita
1311 3631 1392 3686 esse,

326 3729 507 3783 statuamus
542 3739 674 3782 necesse
709 3729 759 3782 est
786 3718 885 3781 libros
909 3719 980 3782 illos
1003 3719 1178 3800 Aesopeos
1202 3720 1234 3781 in
1259 3721 1394 3802 antiqui·

326 3809 393 3891 tale
417 3825 568 3908 uulgatus
592 3827 782 3908 plerumque
806 3837 838 3889 et
862 3829 894 3889 in
919 3827 1119 3908 argumentis
1143 3826 1345 3909 proferendis
1361 3837 1394 3890 et

326 3937 358 3999 in
384 3937 508 3998 ratione
532 3936 681 3998 narrandi
705 3936 787 3997 inter
810 3955 845 3997 se
869 3936 1079 3997 concinentes
1102 3936 1241 4016 aprima
1258 3936 1394 4016 pueritia

327 4044 370 4106 ab
404 4043 555 4105 omnibus
590 4042 656 4105 lere
688 4040 850 4105 lectitatos
884 4051 917 4104 et
952 4043 985 4103 in
1018 4061 1168 4104 sermone
1201 4043 1393 4123 quotidiano

327 4152 517 4232 saepissime
541 4152 573 4212 in
598 4170 689 4213 usum
715 4149 852 4228 collatos
874 4169 955 4212 esse.
996 4149 1108 4231 Atque
1125 4170 1158 4212 re
1174 4171 1251 4212 uera
1268 4151 1394 4212 Romae
