3260 4882
676 402 876 463 ..107-

240 600 357 662 hausta
401 599 567 682 discipulis
605 601 782 662 ediscenda
821 600 1040 675 commendat,
1080 621 1140 662 sex
1179 599 1307 662 fabulas

241 717 417 783 enumerat,
455 727 538 788 quae
573 727 687 770 omnes
721 710 810 789 apud
834 708 986 770 Babrium
1012 718 1186 772 recurrunt.
1235 708 1308 772 Hac

241 817 337 896 igitur
371 837 413 878 ex
449 835 482 878 re
518 815 747 896 probabilitate
784 817 928 898 maxima
951 817 1095 896 sequitur
1118 833 1174 878 eas
1198 816 1306 879 Babrii

242 921 367 984 fabulas
389 922 467 1002 (sab.
498 938 559 1002 13ο
581 922 652 984 sola
676 933 825 1004 excepta,
850 924 893 985 de
916 943 982 1004 qua
1004 943 1102 1004 supra
1118 934 1228 986 actum
1245 923 1306 1008 est)

240 1031 300 1092 arti
334 1030 496 1092 rhetorum
526 1031 647 1105 deberi,
671 1032 730 1092 sed
754 1051 818 1092 non
844 1051 916 1093 eam
941 1033 1075 1094 obrem
1101 1027 1234 1094 necesse
1257 1042 1306 1096 est

240 1135 434 1200 concludere
468 1157 487 1199 a
522 1137 640 1200 Babrio
675 1137 781 1219 legem
817 1137 902 1200 illam
927 1138 1082 1230 Theonis,
1095 1159 1203 1220 „quam
1220 1160 1306 1202 com-

147 1331 148 1336 *
240 1247 428 1321 memoraui‚
467 1256 499 1308 et
537 1246 579 1307 de
617 1266 681 1327 qua
721 1247 818 1308 etiam
850 1246 1024 1308 Hausrath.
1048 1244 1068 1309 l.
1094 1245 1113 1309 l.
1140 1267 1214 1328 pag.
1242 1263 1304 1327 312

239 1355 373 1427 monuit,
409 1353 558 1416 consulto
592 1353 800 1416 obseruatam
836 1373 917 1428 esse,
947 1373 1045 1434 quum
1070 1375 1108 1416 ea
1132 1356 1305 1418 consensio

240 1459 320 1524 sonti
355 1461 462 1524 Babrii
497 1472 540 1523 et·
568 1461 714 1523 Theonis
748 1462 914 1522 communi
949 1461 1141 1524 ascribenda
1172 1463 1222 1524 sit.
1270 1462 1306 1526 Si

238 1579 348 1630 autem
383 1569 425 1631 ad
450 1579 575 1656 ceteras
598 1570 849 1632 exercitationes
873 1568 1036 1631 rhetorum
1060 1570 1305 1650 perspiciendas

238 1676 420 1752 transimus
446 1677 544 1738 credo
567 1675 728 1757 exemplis
751 1697 793 1738 ex
817 1677 896 1757 ipsis
918 1676 1034 1738 fabulis
1051 1677 1160 1757 petitis
1176 1678 1304 1740 ostendi

239 1791 337 1864 posse
372 1783 524 1846 Babrium
553 1793 729 1865 praecepta
753 1783 898 1846 Theonis
922 1785 1117 1864 cognouisse
1140 1794 1173 1845 et
1196 1785 1303 1847 obser·

238 1911 341 1953 uasse.
390 1891 605 1954 Hausrathius
640 1891 658 1953 l.
697 1890 715 1969 l.
750 1912 782 1972 p.
821 1908 882 1971 313
919 1893 1015 1954 tertio
1040 1902 1303 1972 gymnasmatum

238 1998 311 2061 loco
334 2000 443 2080 posuit
467 1998 572 2080 legem
596 1998 692 2073 illam,
717 2019 801 2080 quae
825 2009 893 2062 erat
916 2000 958 2061 de
975 1998 1091 2061 sabulis
1107 1999 1303 2080 amplificam
1368 2048 1370 2054 ,

238 2108 287 2168 dis
322 2117 355 2169 et
388 2107 626 2170 contrahendis.
675 2107 726 2168 De
756 2127 822 2188 qua
845 2117 878 2169 et
902 2107 1129 2188 Hermogenes
1152 2118 1185 2170 et
1209 2108 1303 2170 Theo

237 2215 316 2277 satis
349 2213 527 2277 luculenter
550 2215 712 2277 disserunt
735 2215 884 2276 uniuerse
907 2215 1041 2295 quidem
1065 2216 1148 2276 inter
1171 2236 1206 2277 se
1230 2235 1302 2278 con·

237 2333 399 2404 gruentes,
423 2324 480 2384 sed
498 2321 632 2403 singulis
648 2324 680 2384 in
698 2322 793 2385 rebus
809 2341 1053 2403 nonnumquam
1071 2323 1302 2404 discrepantes.

237 2430 465 2513 Hermogenes
500 2431 565 2514 (W.
602 2431 614 2492 I
652 2451 728 2513 pag.
759 2429 807 2515 13)
832 2433 929 2493 docet
953 2429 1078 2493 fabulas
1102 2431 1303 2494 orationibus

237 2559 448 2618 personarum
485 2549 594 2620 partes
629 2540 795 2620 agentium
829 2538 1041 2601 immittendis
1075 2539 1304 2602 extendendas

236 2665 308 2708 esse
342 2657 375 2708 et
409 2648 441 2708 in
477 2645 639 2727 exemplO,
669 2647 759 2727 quod
783 2647 880 2708 tradit
903 2647 944 2708 de
968 2647 1069 2708 simiis
1092 2647 1204 2709 urbem
1228 2669 1302 2710 con-

236 2753 396 2829 dentibus¹
422 2753 527 2835 legem
544 2774 635 2816 suam
652 2754 831 2816 obseruans
843 2754 989 2815 taedium
1007 2753 1102 2816 nobis
1119 2756 1302 2817 necessario

235 2871 355 2936 mouet,
392 2863 480 2943 quod
517 2872 639 2924 temere
668 2863 750 2924 duas
780 2862 944 2923 orationes
968 2871 1000 2923 et
1023 2861 1190 2924 decretum
1215 2863 1298 2925 simi·

235 2987 326 3030 atum
350 2969 457 3032 uerbis
481 2968 590 3050 perfici
614 2967 692 3031 uult.
733 2969 769 3031 ln
793 2967 966 3050 capitelli
989 2967 1072 3043 loc0,
1089 2990 1187 3050 quem
1203 2971 1301 3032 etiam

235 3074 341 3139 attulit
376 3077 561 3151 Hausrath.‚
586 3076 680 3138 Theo
705 3077 861 3157 praecipit
884 3087 920 3138 ut
943 3078 1207 3158 prosopopoeiae
1228 3098 1301 3158 pro—

234 3184 394 3247 ducantur
427 3195 460 3246 et
489 3183 608 3246 flumen
633 3193 688 3246 aut
711 3183 814 3246 simile
838 3184 915 3265 quid
940 3183 1149 3246 describatur.
1197 3185 1301 3248 Haus-

234 3292 314 3354 rath.
352 3290 382 3354 l.'
408 3291 426 3354 l.
453 3313 528 3373 pag.
562 3304 622 3370 315
650 3292 877 3354 animaduertit
901 3291 984 3354 hanc
1009 3290 1114 3372 legem
1139 3313 1158 3355 a
1182 3293 1301 3355 Babrio

235 3403 300 3480 (72,
329 3401 359 3479 5)
384 3401 591 3462 obseruatam
617 3419 697 3461 esse.
738 3399 874 3461 Addere
899 3398 994 3460 uelim
1019 3400 1116 3461 etiam
1133 3400 1227 3463 Babr.
1252 3417 1299 3476 11,

234 3508 320 3587 6·-7
345 3517 377 3569 et
402 3508 453 3587 76,
484 3523 619 3586 12—-'13.
670 3508 797 3568 Deinde
820 3507 847 3568 si
871 3525 919 3580 ea,
945 3525 1030 3588 quae
1053 3508 1160 3587 capite
1183 3507 1213 3570 X
1237 3509 1300 3570 ine·

234 3625 312 3677 unte
347 3617 389 3677 de
423 3616 667 3696 prosopopoeia
702 3614 796 3675 Theo
821 3615 975 3694 disputat,
1001 3615 1201 3694 respicimus
1227 3635 1300 3678 eam

233 3725 277 3785 ita
300 3723 422 3798 definit,
447 3733 482 3784 ut
506 3723 749 3804 prosopopoeia
773 3723 944 3783 inducatur
961 3741 1101 3802 persona
1117 3724 1298 3786 orationem

233 3832 363 3892 ordiens
398 3832 458 3911 ipsi
483 3841 516 3892 et
540 3831 742 3911 temporibus
765 3830 1024 3892 conuenientem
1074 3829 1118 3891 Vt
1142 3829 1298 3893 definitio·

233 3959 307 4000 nem
331 3937 476 4013 illustret,
501 3938 617 4000 eodem
643 3936 716 3999 loco
733 3938 775 4000 de
792 3938 939 4000 oratione
956 3938 1160 4018 imperatoris
1177 3948 1298 4014 monet,

232 4047 288 4128 qui
323 4045 439 4108 milites
471 4055 506 4108 ut
541 4045 681 4127 pericula
705 4045 843 4108 subeant
866 4045 1019 4108 hortetur.
1077 4045 1128 4108 En
1152 4046 1233 4108 ratio
1257 4046 1299 4109 ab
