<?xml version="1.0" encoding="UTF-8"?>
<!DOCTYPE html PUBLIC "-//W3C//DTD XHTML 1.0 Transitional//EN"
    "http://www.w3.org/TR/xhtml1/DTD/xhtml1-transitional.dtd">
<html xmlns="http://www.w3.org/1999/xhtml" xml:lang="en" lang="en">
 <head>
  <title>
</title>
<meta http-equiv="Content-Type" content="text/html;charset=utf-8" />
  <meta name='ocr-system' content='tesseract 3.04.00' />
  <meta name='ocr-capabilities' content='ocr_page ocr_carea ocr_par ocr_line ocrx_word'/>
</head>
<body>
  <div class='ocr_page' id='page_1' title='image "./stvdiadefontibv00chrigoog_0102.png"; bbox 0 0 3260 4882; ppageno 0'>
   <div class='ocr_carea' id='block_1_1' title="bbox 782 419 958 482">
    <p class='ocr_par' dir='ltr' id='par_1_1' title="bbox 782 419 958 482">
     <span class='ocr_line' id='line_1_1' title="bbox 782 419 958 482; baseline 0.011 -36"><span class='ocrx_word' id='word_1_1' title='bbox 782 440 821 448; x_wconf 83' lang='lat'>-..</span> <span class='ocrx_word' id='word_1_2' title='bbox 848 419 958 482; x_wconf 77' lang='lat'><strong>92...-</strong></span> 
     </span>
    </p>
   </div>
   <div class='ocr_carea' id='block_1_2' title="bbox 333 615 1502 4361">
    <p class='ocr_par' dir='ltr' id='par_1_2' title="bbox 333 615 1502 4361">
     <span class='ocr_line' id='line_1_2' title="bbox 446 615 1402 696; baseline 0.002 -20"><span class='ocrx_word' id='word_1_3' title='bbox 446 617 496 677; x_wconf 88' lang='lat' dir='ltr'>De</span> <span class='ocrx_word' id='word_1_4' title='bbox 531 615 610 690; x_wconf 89' lang='lat' dir='ltr'>aliis,</span> <span class='ocrx_word' id='word_1_5' title='bbox 647 636 727 696; x_wconf 89' lang='lat' dir='ltr'>quas</span> <span class='ocrx_word' id='word_1_6' title='bbox 762 617 956 690; x_wconf 88' lang='lat' dir='ltr'>enumeraui,</span> <span class='ocrx_word' id='word_1_7' title='bbox 984 615 1099 677; x_wconf 78' lang='lat' dir='ltr'>fabulis</span> <span class='ocrx_word' id='word_1_8' title='bbox 1123 616 1268 695; x_wconf 86' lang='lat' dir='ltr'>indagari</span> <span class='ocrx_word' id='word_1_9' title='bbox 1294 625 1402 696; x_wconf 86' lang='lat' dir='ltr'>potest</span> 
     </span>
     <span class='ocr_line' id='line_1_3' title="bbox 339 722 1403 813; baseline 0.001 -28"><span class='ocrx_word' id='word_1_10' title='bbox 339 724 376 785; x_wconf 90' lang='lat' dir='ltr'>iis</span> <span class='ocrx_word' id='word_1_11' title='bbox 397 723 544 813; x_wconf 54' lang='lat' dir='ltr'>xsubesse</span> <span class='ocrx_word' id='word_1_12' title='bbox 580 724 758 785; x_wconf 87' lang='lat' dir='ltr'>sententias</span> <span class='ocrx_word' id='word_1_13' title='bbox 793 725 824 784; x_wconf 91' lang='lat' dir='ltr'>in</span> <span class='ocrx_word' id='word_1_14' title='bbox 861 724 1052 803; x_wconf 82' lang='lat' dir='ltr'>antiquitate</span> <span class='ocrx_word' id='word_1_15' title='bbox 1076 723 1161 786; x_wconf 90' lang='lat' dir='ltr'>adeo</span> <span class='ocrx_word' id='word_1_16' title='bbox 1184 722 1343 804; x_wconf 84' lang='lat' dir='ltr'>uulgatas,</span> <span class='ocrx_word' id='word_1_17' title='bbox 1368 732 1403 786; x_wconf 89' lang='lat' dir='ltr'>ut</span> 
     </span>
     <span class='ocr_line' id='line_1_4' title="bbox 339 815 1427 911; baseline 0 -19"><span class='ocrx_word' id='word_1_18' title='bbox 339 832 453 893; x_wconf 90' lang='lat' dir='ltr'>mirum</span> <span class='ocrx_word' id='word_1_19' title='bbox 477 831 576 892; x_wconf 88' lang='lat' dir='ltr'>uideri</span> <span class='ocrx_word' id='word_1_20' title='bbox 602 851 666 892; x_wconf 91' lang='lat' dir='ltr'>non</span> <span class='ocrx_word' id='word_1_21' title='bbox 691 831 795 911; x_wconf 85' lang='lat' dir='ltr'>possit</span> <span class='ocrx_word' id='word_1_22' title='bbox 818 849 874 892; x_wconf 88' lang='lat' dir='ltr'>eas</span> <span class='ocrx_word' id='word_1_23' title='bbox 899 815 1034 892; x_wconf 86' lang='lat' dir='ltr'>inlibris</span> <span class='ocrx_word' id='word_1_24' title='bbox 1051 829 1273 911; x_wconf 72' lang='lat' dir='ltr'>popularibus</span> <span class='ocrx_word' id='word_1_25' title='bbox 1291 828 1403 911; x_wconf 87' lang='lat' dir='ltr'>quales</span> <span class='ocrx_word' id='word_1_26' title='bbox 1425 862 1427 866; x_wconf 95' lang='lat'>·</span> 
     </span>
     <span class='ocr_line' id='line_1_5' title="bbox 338 935 1401 1018; baseline 0 -20"><span class='ocrx_word' id='word_1_27' title='bbox 338 949 430 1000; x_wconf 89' lang='lat' dir='ltr'>erant</span> <span class='ocrx_word' id='word_1_28' title='bbox 464 939 600 1018; x_wconf 82' lang='lat' dir='ltr'>Aesopi,</span> <span class='ocrx_word' id='word_1_29' title='bbox 637 937 700 1018; x_wconf 86' lang='lat' dir='ltr'>legi</span> <span class='ocrx_word' id='word_1_30' title='bbox 726 939 879 1018; x_wconf 88' lang='lat' dir='ltr'>potuisse.</span> <span class='ocrx_word' id='word_1_31' title='bbox 928 937 984 998; x_wconf 83' lang='lat' dir='ltr'>Ad</span> <span class='ocrx_word' id='word_1_32' title='bbox 1009 938 1072 1000; x_wconf 92' lang='lat' dir='ltr'>hoc</span> <span class='ocrx_word' id='word_1_33' title='bbox 1096 957 1198 1018; x_wconf 86' lang='lat' dir='ltr'>genus</span> <span class='ocrx_word' id='word_1_34' title='bbox 1223 935 1401 1001; x_wconf 78' lang='lat' dir='ltr'>fabularum</span> 
     </span>
     <span class='ocr_line' id='line_1_6' title="bbox 338 1042 1401 1127; baseline 0 -21"><span class='ocrx_word' id='word_1_35' title='bbox 338 1046 382 1107; x_wconf 89' lang='lat'>60</span> <span class='ocrx_word' id='word_1_36' title='bbox 417 1056 450 1106; x_wconf 90' lang='lat' dir='ltr'>et</span> <span class='ocrx_word' id='word_1_37' title='bbox 485 1047 525 1124; x_wconf 87' lang='lat'>87</span> <span class='ocrx_word' id='word_1_38' title='bbox 563 1045 747 1106; x_wconf 80' lang='lat' dir='ltr'>referendas</span> <span class='ocrx_word' id='word_1_39' title='bbox 781 1065 853 1107; x_wconf 89' lang='lat' dir='ltr'>esse</span> <span class='ocrx_word' id='word_1_40' title='bbox 889 1066 1016 1108; x_wconf 86' lang='lat' dir='ltr'>censeo.</span> <span class='ocrx_word' id='word_1_41' title='bbox 1064 1044 1105 1108; x_wconf 88' lang='lat' dir='ltr'>K.</span> <span class='ocrx_word' id='word_1_42' title='bbox 1131 1045 1254 1126; x_wconf 89' lang='lat' dir='ltr'>Biirger</span> <span class='ocrx_word' id='word_1_43' title='bbox 1278 1042 1401 1127; x_wconf 74' lang='lat' dir='ltr'>(Herus.¹</span> 
     </span>
     <span class='ocr_line' id='line_1_7' title="bbox 339 1150 1403 1234; baseline -0.001 -19"><span class='ocrx_word' id='word_1_44' title='bbox 339 1153 464 1216; x_wconf 87' lang='lat' dir='ltr'>XXVII</span> <span class='ocrx_word' id='word_1_45' title='bbox 501 1173 575 1234; x_wconf 85' lang='lat' dir='ltr'>pag.</span> <span class='ocrx_word' id='word_1_46' title='bbox 615 1150 689 1234; x_wconf 82' lang='lat'>359)</span> <span class='ocrx_word' id='word_1_47' title='bbox 724 1153 802 1214; x_wconf 90' lang='lat' dir='ltr'>satis</span> <span class='ocrx_word' id='word_1_48' title='bbox 830 1154 910 1215; x_wconf 90' lang='lat' dir='ltr'>scite</span> <span class='ocrx_word' id='word_1_49' title='bbox 934 1154 1077 1215; x_wconf 85' lang='lat' dir='ltr'>ostendit</span> <span class='ocrx_word' id='word_1_50' title='bbox 1101 1151 1403 1218; x_wconf 88' lang='lat' dir='ltr'>incollectionibus</span> 
     </span>
     <span class='ocr_line' id='line_1_8' title="bbox 339 1259 1402 1341; baseline -0.003 -18"><span class='ocrx_word' id='word_1_51' title='bbox 339 1259 518 1325; x_wconf 80' lang='lat' dir='ltr'>fabularum</span> <span class='ocrx_word' id='word_1_52' title='bbox 553 1280 653 1340; x_wconf 89' lang='lat' dir='ltr'>saepe</span> <span class='ocrx_word' id='word_1_53' title='bbox 691 1261 824 1321; x_wconf 89' lang='lat' dir='ltr'>inueniri</span> <span class='ocrx_word' id='word_1_54' title='bbox 859 1262 1059 1322; x_wconf 82' lang='lat' dir='ltr'>narrationes</span> <span class='ocrx_word' id='word_1_55' title='bbox 1093 1281 1134 1322; x_wconf 89' lang='lat' dir='ltr'>ex</span> <span class='ocrx_word' id='word_1_56' title='bbox 1158 1260 1402 1341; x_wconf 88' lang='lat' dir='ltr'>prouerbiorum</span> 
     </span>
     <span class='ocr_line' id='line_1_9' title="bbox 338 1367 1401 1448; baseline -0.002 -18"><span class='ocrx_word' id='word_1_57' title='bbox 338 1387 466 1448; x_wconf 81' lang='lat' dir='ltr'>genere,</span> <span class='ocrx_word' id='word_1_58' title='bbox 516 1369 603 1448; x_wconf 93' lang='lat' dir='ltr'>quod</span> <span class='ocrx_word' id='word_1_59' title='bbox 640 1379 759 1429; x_wconf 91' lang='lat' dir='ltr'>uocant</span> <span class='ocrx_word' id='word_1_60' title='bbox 791 1369 908 1448; x_wconf 87' lang='lat' dir='ltr'>adagia</span> <span class='ocrx_word' id='word_1_61' title='bbox 944 1389 1017 1429; x_wconf 92' lang='lat' dir='ltr'>cum</span> <span class='ocrx_word' id='word_1_62' title='bbox 1052 1367 1184 1448; x_wconf 85' lang='lat' dir='ltr'>epilogo</span> <span class='ocrx_word' id='word_1_63' title='bbox 1220 1368 1401 1441; x_wconf 89' lang='lat' dir='ltr'>coniuncta,</span> 
     </span>
     <span class='ocr_line' id='line_1_10' title="bbox 340 1465 1404 1556; baseline -0.001 -19"><span class='ocrx_word' id='word_1_64' title='bbox 340 1475 475 1538; x_wconf 81' lang='lat' dir='ltr'>relictas</span> <span class='ocrx_word' id='word_1_65' title='bbox 524 1475 702 1556; x_wconf 72' lang='lat' dir='ltr'>Exemplis</span> <span class='ocrx_word' id='word_1_66' title='bbox 738 1495 823 1555; x_wconf 89' lang='lat' dir='ltr'>quae</span> <span class='ocrx_word' id='word_1_67' title='bbox 857 1476 974 1538; x_wconf 88' lang='lat' dir='ltr'>eodem</span> <span class='ocrx_word' id='word_1_68' title='bbox 1010 1474 1083 1538; x_wconf 91' lang='lat' dir='ltr'>loco</span> <span class='ocrx_word' id='word_1_69' title='bbox 1119 1475 1222 1549; x_wconf 81' lang='lat' dir='ltr'>affert,</span> <span class='ocrx_word' id='word_1_70' title='bbox 1247 1465 1346 1538; x_wconf 84' lang='lat' dir='ltr'>efficit</span> <span class='ocrx_word' id='word_1_71' title='bbox 1369 1486 1404 1536; x_wconf 91' lang='lat' dir='ltr'>ut</span> 
     </span>
     <span class='ocr_line' id='line_1_11' title="bbox 339 1582 1404 1664; baseline -0.003 -19"><span class='ocrx_word' id='word_1_72' title='bbox 339 1593 496 1664; x_wconf 88' lang='lat' dir='ltr'>appareat</span> <span class='ocrx_word' id='word_1_73' title='bbox 534 1584 593 1644; x_wconf 90' lang='lat' dir='ltr'>has</span> <span class='ocrx_word' id='word_1_74' title='bbox 633 1582 757 1645; x_wconf 86' lang='lat' dir='ltr'>fabulas</span> <span class='ocrx_word' id='word_1_75' title='bbox 792 1582 981 1663; x_wconf 91' lang='lat' dir='ltr'>plerumque</span> <span class='ocrx_word' id='word_1_76' title='bbox 1016 1584 1060 1644; x_wconf 85' lang='lat' dir='ltr'>ita</span> <span class='ocrx_word' id='word_1_77' title='bbox 1095 1584 1232 1661; x_wconf 88' lang='lat' dir='ltr'>scriptas</span> <span class='ocrx_word' id='word_1_78' title='bbox 1264 1602 1345 1656; x_wconf 90' lang='lat' dir='ltr'>esse,</span> <span class='ocrx_word' id='word_1_79' title='bbox 1370 1591 1404 1642; x_wconf 92' lang='lat' dir='ltr'>ut</span> 
     </span>
     <span class='ocr_line' id='line_1_12' title="bbox 339 1675 1403 1772; baseline -0.002 -20"><span class='ocrx_word' id='word_1_80' title='bbox 339 1691 489 1772; x_wconf 84' lang='lat' dir='ltr'>epilogus</span> <span class='ocrx_word' id='word_1_81' title='bbox 532 1675 608 1753; x_wconf 86' lang='lat' dir='ltr'>ante</span> <span class='ocrx_word' id='word_1_82' title='bbox 653 1691 861 1772; x_wconf 88' lang='lat' dir='ltr'>prouerbium</span> <span class='ocrx_word' id='word_1_83' title='bbox 902 1691 1027 1770; x_wconf 88' lang='lat' dir='ltr'>positus</span> <span class='ocrx_word' id='word_1_84' title='bbox 1068 1691 1213 1752; x_wconf 87' lang='lat' dir='ltr'>ordinem</span> <span class='ocrx_word' id='word_1_85' title='bbox 1254 1690 1403 1752; x_wconf 86' lang='lat' dir='ltr'>narrandi</span> 
     </span>
     <span class='ocr_line' id='line_1_13' title="bbox 339 1796 1403 1880; baseline -0.002 -20"><span class='ocrx_word' id='word_1_86' title='bbox 339 1798 526 1880; x_wconf 83' lang='lat' dir='ltr'>exemplari,</span> <span class='ocrx_word' id='word_1_87' title='bbox 563 1800 652 1879; x_wconf 92' lang='lat' dir='ltr'>quod</span> <span class='ocrx_word' id='word_1_88' title='bbox 687 1797 807 1870; x_wconf 90' lang='lat' dir='ltr'>subest,</span> <span class='ocrx_word' id='word_1_89' title='bbox 845 1797 1040 1860; x_wconf 89' lang='lat' dir='ltr'>contrarium</span> <span class='ocrx_word' id='word_1_90' title='bbox 1076 1796 1226 1860; x_wconf 79' lang='lat' dir='ltr'>efiiceret.</span> <span class='ocrx_word' id='word_1_91' title='bbox 1293 1797 1403 1878; x_wconf 83' lang='lat' dir='ltr'>Quum</span> 
     </span>
     <span class='ocr_line' id='line_1_14' title="bbox 341 1904 1404 1969; baseline -0.004 -1"><span class='ocrx_word' id='word_1_92' title='bbox 341 1905 481 1969; x_wconf 86' lang='lat' dir='ltr'>fabulam</span> <span class='ocrx_word' id='word_1_93' title='bbox 507 1907 600 1969; x_wconf 87' lang='lat' dir='ltr'>Babr.</span> <span class='ocrx_word' id='word_1_94' title='bbox 625 1907 669 1966; x_wconf 90' lang='lat'>60</span> <span class='ocrx_word' id='word_1_95' title='bbox 692 1905 754 1966; x_wconf 88' lang='lat' dir='ltr'>hoc</span> <span class='ocrx_word' id='word_1_96' title='bbox 779 1904 880 1966; x_wconf 90' lang='lat' dir='ltr'>modo</span> <span class='ocrx_word' id='word_1_97' title='bbox 904 1915 1008 1967; x_wconf 90' lang='lat' dir='ltr'>ortam</span> <span class='ocrx_word' id='word_1_98' title='bbox 1033 1905 1307 1968; x_wconf 84' lang='lat' dir='ltr'>esseostenderit</span> <span class='ocrx_word' id='word_1_99' title='bbox 1331 1904 1404 1964; x_wconf 84' lang='lat' dir='ltr'>Biir-</span> 
     </span>
     <span class='ocr_line' id='line_1_15' title="bbox 340 1992 1420 2096; baseline -0.003 -21"><span class='ocrx_word' id='word_1_100' title='bbox 340 2035 397 2094; x_wconf 89' lang='lat' dir='ltr'>ger</span> <span class='ocrx_word' id='word_1_101' title='bbox 431 2012 539 2096; x_wconf 83' lang='lat' dir='ltr'>(etiam</span> <span class='ocrx_word' id='word_1_102' title='bbox 575 2012 806 2074; x_wconf 88' lang='lat' dir='ltr'>Hausrathium</span> <span class='ocrx_word' id='word_1_103' title='bbox 844 2031 929 2092; x_wconf 85' lang='lat' dir='ltr'>pag..</span> <span class='ocrx_word' id='word_1_104' title='bbox 947 2029 1005 2089; x_wconf 87' lang='lat'>311</span> <span class='ocrx_word' id='word_1_105' title='bbox 1035 1992 1171 2074; x_wconf 84' lang='lat' dir='ltr'>eandem</span> <span class='ocrx_word' id='word_1_106' title='bbox 1197 2010 1338 2074; x_wconf 84' lang='lat' dir='ltr'>fabulam</span> <span class='ocrx_word' id='word_1_107' title='bbox 1363 2011 1420 2072; x_wconf 83' lang='lat' dir='ltr'>ad·</span> 
     </span>
     <span class='ocr_line' id='line_1_16' title="bbox 339 2119 1405 2202; baseline -0.004 -19"><span class='ocrx_word' id='word_1_108' title='bbox 339 2121 492 2202; x_wconf 86' lang='lat' dir='ltr'>adagium</span> <span class='ocrx_word' id='word_1_109' title='bbox 528 2120 724 2201; x_wconf 84' lang='lat' dir='ltr'>epilogicum</span> <span class='ocrx_word' id='word_1_110' title='bbox 760 2119 976 2199; x_wconf 89' lang='lat' dir='ltr'>compositam</span> <span class='ocrx_word' id='word_1_111' title='bbox 1013 2139 1084 2182; x_wconf 89' lang='lat' dir='ltr'>esse</span> <span class='ocrx_word' id='word_1_112' title='bbox 1120 2120 1271 2182; x_wconf 87' lang='lat' dir='ltr'>statuisse</span> <span class='ocrx_word' id='word_1_113' title='bbox 1295 2119 1405 2196; x_wconf 88' lang='lat' dir='ltr'>uideo)</span> 
     </span>
     <span class='ocr_line' id='line_1_17' title="bbox 340 2225 1404 2307; baseline -0.004 -17"><span class='ocrx_word' id='word_1_114' title='bbox 340 2240 371 2291; x_wconf 87' lang='lat' dir='ltr'>et</span> <span class='ocrx_word' id='word_1_115' title='bbox 409 2228 515 2290; x_wconf 87' lang='lat' dir='ltr'>sabula</span> <span class='ocrx_word' id='word_1_116' title='bbox 550 2230 590 2306; x_wconf 88' lang='lat'>87</span> <span class='ocrx_word' id='word_1_117' title='bbox 616 2227 855 2307; x_wconf 90' lang='lat' dir='ltr'>compositione</span> <span class='ocrx_word' id='word_1_118' title='bbox 878 2227 952 2290; x_wconf 89' lang='lat' dir='ltr'>huic</span> <span class='ocrx_word' id='word_1_119' title='bbox 976 2227 1136 2290; x_wconf 88' lang='lat' dir='ltr'>simillima</span> <span class='ocrx_word' id='word_1_120' title='bbox 1160 2228 1209 2300; x_wconf 91' lang='lat' dir='ltr'>sit,</span> <span class='ocrx_word' id='word_1_121' title='bbox 1236 2225 1312 2290; x_wconf 91' lang='lat' dir='ltr'>mihi</span> <span class='ocrx_word' id='word_1_122' title='bbox 1338 2245 1404 2306; x_wconf 90' lang='lat' dir='ltr'>per·</span> 
     </span>
     <span class='ocr_line' id='line_1_18' title="bbox 339 2332 1405 2416; baseline -0.004 -18"><span class='ocrx_word' id='word_1_123' title='bbox 339 2339 424 2398; x_wconf 87' lang='lat' dir='ltr'>suasi</span> <span class='ocrx_word' id='word_1_124' title='bbox 449 2336 524 2398; x_wconf 91' lang='lat' dir='ltr'>talia</span> <span class='ocrx_word' id='word_1_125' title='bbox 549 2336 677 2416; x_wconf 86' lang='lat' dir='ltr'>adagia,</span> <span class='ocrx_word' id='word_1_126' title='bbox 703 2354 840 2415; x_wconf 89' lang='lat' dir='ltr'>quorum</span> <span class='ocrx_word' id='word_1_127' title='bbox 866 2332 969 2396; x_wconf 82' lang='lat' dir='ltr'>forma</span> <span class='ocrx_word' id='word_1_128' title='bbox 993 2335 1064 2396; x_wconf 87' lang='lat' dir='ltr'>usui</span> <span class='ocrx_word' id='word_1_129' title='bbox 1089 2333 1237 2415; x_wconf 88' lang='lat' dir='ltr'>populari</span> <span class='ocrx_word' id='word_1_130' title='bbox 1263 2334 1405 2396; x_wconf 85' lang='lat' dir='ltr'>maxime</span> 
     </span>
     <span class='ocr_line' id='line_1_19' title="bbox 337 2441 1406 2525; baseline -0.004 -19"><span class='ocrx_word' id='word_1_131' title='bbox 337 2456 417 2525; x_wconf 90' lang='lat' dir='ltr'>apta</span> <span class='ocrx_word' id='word_1_132' title='bbox 452 2453 530 2517; x_wconf 91' lang='lat' dir='ltr'>erat,</span> <span class='ocrx_word' id='word_1_133' title='bbox 567 2453 599 2504; x_wconf 88' lang='lat' dir='ltr'>et</span> <span class='ocrx_word' id='word_1_134' title='bbox 635 2462 717 2522; x_wconf 90' lang='lat' dir='ltr'>quae</span> <span class='ocrx_word' id='word_1_135' title='bbox 753 2442 843 2522; x_wconf 86' lang='lat' dir='ltr'>quasi</span> <span class='ocrx_word' id='word_1_136' title='bbox 879 2443 1048 2517; x_wconf 86' lang='lat' dir='ltr'>transitum</span> <span class='ocrx_word' id='word_1_137' title='bbox 1073 2444 1155 2504; x_wconf 92' lang='lat' dir='ltr'>inter</span> <span class='ocrx_word' id='word_1_138' title='bbox 1179 2441 1350 2522; x_wconf 87' lang='lat' dir='ltr'>prouerbia</span> <span class='ocrx_word' id='word_1_139' title='bbox 1374 2451 1406 2502; x_wconf 90' lang='lat' dir='ltr'>et</span> 
     </span>
     <span class='ocr_line' id='line_1_20' title="bbox 342 2548 1406 2623; baseline -0.002 -11"><span class='ocrx_word' id='word_1_140' title='bbox 342 2550 465 2612; x_wconf 88' lang='lat' dir='ltr'>fabulas</span> <span class='ocrx_word' id='word_1_141' title='bbox 489 2551 637 2612; x_wconf 86' lang='lat' dir='ltr'>effecisse</span> <span class='ocrx_word' id='word_1_142' title='bbox 662 2550 819 2623; x_wconf 87' lang='lat' dir='ltr'>uidentur,</span> <span class='ocrx_word' id='word_1_143' title='bbox 847 2548 1003 2612; x_wconf 91' lang='lat' dir='ltr'>nonnulla</span> <span class='ocrx_word' id='word_1_144' title='bbox 1021 2548 1124 2612; x_wconf 81' lang='lat' dir='ltr'>forma</span> <span class='ocrx_word' id='word_1_145' title='bbox 1140 2560 1265 2612; x_wconf 88' lang='lat' dir='ltr'>tantum</span> <span class='ocrx_word' id='word_1_146' title='bbox 1282 2559 1406 2612; x_wconf 86' lang='lat' dir='ltr'>mutata</span> 
     </span>
     <span class='ocr_line' id='line_1_21' title="bbox 340 2657 1407 2738; baseline -0.005 -16"><span class='ocrx_word' id='word_1_147' title='bbox 340 2660 437 2722; x_wconf 86' lang='lat' dir='ltr'>etiam</span> <span class='ocrx_word' id='word_1_148' title='bbox 469 2659 500 2720; x_wconf 96' lang='lat' dir='ltr'>in</span> <span class='ocrx_word' id='word_1_149' title='bbox 537 2657 626 2718; x_wconf 87' lang='lat' dir='ltr'>fonte</span> <span class='ocrx_word' id='word_1_150' title='bbox 660 2657 816 2738; x_wconf 85' lang='lat' dir='ltr'>Aesopeo</span> <span class='ocrx_word' id='word_1_151' title='bbox 848 2657 956 2718; x_wconf 88' lang='lat' dir='ltr'>Babrii</span> <span class='ocrx_word' id='word_1_152' title='bbox 980 2657 1085 2720; x_wconf 85' lang='lat' dir='ltr'>locum</span> <span class='ocrx_word' id='word_1_153' title='bbox 1110 2657 1273 2721; x_wconf 81' lang='lat' dir='ltr'>habuisse,</span> <span class='ocrx_word' id='word_1_154' title='bbox 1321 2657 1407 2718; x_wconf 86' lang='lat' dir='ltr'>luter</span> 
     </span>
     <span class='ocr_line' id='line_1_22' title="bbox 342 2762 1406 2846; baseline -0.004 -18"><span class='ocrx_word' id='word_1_155' title='bbox 342 2767 467 2846; x_wconf 81' lang='lat' dir='ltr'>Aesopi</span> <span class='ocrx_word' id='word_1_156' title='bbox 491 2765 610 2846; x_wconf 80' lang='grc' dir='ltr'>γέλοια</span> <span class='ocrx_word' id='word_1_157' title='bbox 634 2774 711 2844; x_wconf 89' lang='lat' dir='ltr'>apte</span> <span class='ocrx_word' id='word_1_158' title='bbox 735 2786 773 2828; x_wconf 84' lang='lat' dir='ltr'>ea</span> <span class='ocrx_word' id='word_1_159' title='bbox 797 2765 946 2828; x_wconf 90' lang='lat' dir='ltr'>collocari</span> <span class='ocrx_word' id='word_1_160' title='bbox 973 2766 1118 2846; x_wconf 91' lang='lat' dir='ltr'>potuisse</span> <span class='ocrx_word' id='word_1_161' title='bbox 1142 2786 1181 2826; x_wconf 90' lang='lat' dir='ltr'>eo</span> <span class='ocrx_word' id='word_1_162' title='bbox 1206 2762 1406 2846; x_wconf 87' lang='lat' dir='ltr'>probabilius</span> 
     </span>
     <span class='ocr_line' id='line_1_23' title="bbox 342 2872 1405 2959; baseline -0.004 -23"><span class='ocrx_word' id='word_1_163' title='bbox 342 2873 417 2936; x_wconf 91' lang='lat' dir='ltr'>mihi</span> <span class='ocrx_word' id='word_1_164' title='bbox 454 2893 525 2934; x_wconf 85' lang='lat' dir='ltr'>esse</span> <span class='ocrx_word' id='word_1_165' title='bbox 550 2873 684 2946; x_wconf 87' lang='lat' dir='ltr'>uidetur,</span> <span class='ocrx_word' id='word_1_166' title='bbox 710 2874 798 2954; x_wconf 92' lang='lat' dir='ltr'>quod</span> <span class='ocrx_word' id='word_1_167' title='bbox 823 2875 1114 2959; x_wconf 15' lang='lat' dir='ltr'>ipsovargumento</span> <span class='ocrx_word' id='word_1_168' title='bbox 1136 2872 1182 2956; x_wconf 89' lang='lat' dir='ltr'>(ut</span> <span class='ocrx_word' id='word_1_169' title='bbox 1206 2873 1286 2934; x_wconf 93' lang='lat' dir='ltr'>uidit</span> <span class='ocrx_word' id='word_1_170' title='bbox 1309 2872 1405 2932; x_wconf 88' lang='lat' dir='ltr'>etiam</span> 
     </span>
     <span class='ocr_line' id='line_1_24' title="bbox 342 2976 1407 3064; baseline 0 -22"><span class='ocrx_word' id='word_1_171' title='bbox 342 2980 557 3042; x_wconf 83' lang='lat' dir='ltr'>liausrathius</span> <span class='ocrx_word' id='word_1_172' title='bbox 581 2979 599 3041; x_wconf 92' lang='lat' dir='ltr'>l.</span> <span class='ocrx_word' id='word_1_173' title='bbox 625 2979 643 3042; x_wconf 92' lang='lat' dir='ltr'>l.</span> <span class='ocrx_word' id='word_1_174' title='bbox 670 3000 744 3060; x_wconf 87' lang='lat' dir='ltr'>pag.</span> <span class='ocrx_word' id='word_1_175' title='bbox 773 2981 847 3064; x_wconf 82' lang='lat'>310)</span> <span class='ocrx_word' id='word_1_176' title='bbox 871 3001 1023 3062; x_wconf 88' lang='lat' dir='ltr'>magnam</span> <span class='ocrx_word' id='word_1_177' title='bbox 1050 3001 1122 3044; x_wconf 90' lang='lat' dir='ltr'>cum</span> <span class='ocrx_word' id='word_1_178' title='bbox 1146 2980 1241 3042; x_wconf 90' lang='lat' dir='ltr'>dictis</span> <span class='ocrx_word' id='word_1_179' title='bbox 1265 2976 1324 3041; x_wconf 90' lang='lat' dir='ltr'>illis</span> <span class='ocrx_word' id='word_1_180' title='bbox 1349 2978 1407 3058; x_wconf 88' lang='lat' dir='ltr'>Sy·</span> 
     </span>
     <span class='ocr_line' id='line_1_25' title="bbox 341 3087 1405 3169; baseline -0.002 -19"><span class='ocrx_word' id='word_1_181' title='bbox 341 3089 483 3150; x_wconf 91' lang='lat' dir='ltr'>bariticis</span> <span class='ocrx_word' id='word_1_182' title='bbox 518 3088 758 3152; x_wconf 87' lang='lat' dir='ltr'>similitudinem</span> <span class='ocrx_word' id='word_1_183' title='bbox 784 3109 861 3169; x_wconf 90' lang='lat' dir='ltr'>prae</span> <span class='ocrx_word' id='word_1_184' title='bbox 885 3109 920 3150; x_wconf 90' lang='lat' dir='ltr'>se</span> <span class='ocrx_word' id='word_1_185' title='bbox 946 3087 1058 3150; x_wconf 88' lang='lat' dir='ltr'>lerunt.</span> <span class='ocrx_word' id='word_1_186' title='bbox 1108 3088 1271 3168; x_wconf 86' lang='lat' dir='ltr'>Quoniam</span> <span class='ocrx_word' id='word_1_187' title='bbox 1297 3097 1405 3150; x_wconf 88' lang='lat' dir='ltr'>autem</span> 
     </span>
     <span class='ocr_line' id='line_1_26' title="bbox 333 3185 1407 3279; baseline -0.002 -19"><span class='ocrx_word' id='word_1_188' title='bbox 333 3198 430 3279; x_wconf 91' lang='lat' dir='ltr'>apud</span> <span class='ocrx_word' id='word_1_189' title='bbox 466 3197 572 3260; x_wconf 87' lang='lat' dir='ltr'>Halm.</span> <span class='ocrx_word' id='word_1_190' title='bbox 609 3200 697 3276; x_wconf 88' lang='lat'>(292,</span> <span class='ocrx_word' id='word_1_191' title='bbox 725 3201 800 3278; x_wconf 89' lang='lat'>229)</span> <span class='ocrx_word' id='word_1_192' title='bbox 826 3197 952 3260; x_wconf 82' lang='lat' dir='ltr'>fabulae</span> <span class='ocrx_word' id='word_1_193' title='bbox 977 3199 1093 3260; x_wconf 91' lang='lat' dir='ltr'>eodem</span> <span class='ocrx_word' id='word_1_194' title='bbox 1118 3185 1269 3258; x_wconf 85' lang='lat' dir='ltr'>narrandi</span> <span class='ocrx_word' id='word_1_195' title='bbox 1294 3198 1407 3258; x_wconf 90' lang='lat' dir='ltr'>ordine</span> 
     </span>
     <span class='ocr_line' id='line_1_27' title="bbox 341 3305 1407 3387; baseline -0.001 -21"><span class='ocrx_word' id='word_1_196' title='bbox 341 3326 406 3387; x_wconf 92' lang='lat' dir='ltr'>quo</span> <span class='ocrx_word' id='word_1_197' title='bbox 441 3307 529 3386; x_wconf 81' lang='lat' dir='ltr'>apud</span> <span class='ocrx_word' id='word_1_198' title='bbox 564 3305 716 3367; x_wconf 88' lang='lat' dir='ltr'>Babrium</span> <span class='ocrx_word' id='word_1_199' title='bbox 754 3305 967 3386; x_wconf 80' lang='lat' dir='ltr'>proferuntur,</span> <span class='ocrx_word' id='word_1_200' title='bbox 1005 3316 1039 3366; x_wconf 90' lang='lat' dir='ltr'>ut</span> <span class='ocrx_word' id='word_1_201' title='bbox 1064 3305 1218 3385; x_wconf 86' lang='lat' dir='ltr'>adagium</span> <span class='ocrx_word' id='word_1_202' title='bbox 1243 3317 1319 3385; x_wconf 88' lang='lat' dir='ltr'>post</span> <span class='ocrx_word' id='word_1_203' title='bbox 1342 3305 1407 3385; x_wconf 91' lang='lat' dir='ltr'>epi·</span> 
     </span>
     <span class='ocr_line' id='line_1_28' title="bbox 342 3411 1407 3494; baseline -0.002 -20"><span class='ocrx_word' id='word_1_204' title='bbox 342 3413 452 3494; x_wconf 86' lang='lat' dir='ltr'>logum</span> <span class='ocrx_word' id='word_1_205' title='bbox 489 3415 629 3493; x_wconf 89' lang='lat' dir='ltr'>positum</span> <span class='ocrx_word' id='word_1_206' title='bbox 665 3415 757 3494; x_wconf 91' lang='lat' dir='ltr'>quasi</span> <span class='ocrx_word' id='word_1_207' title='bbox 790 3413 1032 3475; x_wconf 87' lang='lat' dir='ltr'>conclusionem</span> <span class='ocrx_word' id='word_1_208' title='bbox 1066 3411 1245 3474; x_wconf 87' lang='lat' dir='ltr'>fabularum</span> <span class='ocrx_word' id='word_1_209' title='bbox 1279 3411 1407 3487; x_wconf 83' lang='lat' dir='ltr'>efficiat,</span> 
     </span>
     <span class='ocr_line' id='line_1_29' title="bbox 343 3519 1407 3602; baseline 0 -20"><span class='ocrx_word' id='word_1_210' title='bbox 343 3522 417 3582; x_wconf 92' lang='lat' dir='ltr'>inde</span> <span class='ocrx_word' id='word_1_211' title='bbox 453 3522 550 3582; x_wconf 91' lang='lat' dir='ltr'>credo</span> <span class='ocrx_word' id='word_1_212' title='bbox 587 3543 744 3602; x_wconf 88' lang='lat' dir='ltr'>apparere</span> <span class='ocrx_word' id='word_1_213' title='bbox 769 3523 831 3582; x_wconf 90' lang='lat' dir='ltr'>iam</span> <span class='ocrx_word' id='word_1_214' title='bbox 860 3523 890 3583; x_wconf 96' lang='lat' dir='ltr'>in</span> <span class='ocrx_word' id='word_1_215' title='bbox 916 3521 1006 3582; x_wconf 88' lang='lat' dir='ltr'>fonte</span> <span class='ocrx_word' id='word_1_216' title='bbox 1030 3521 1211 3600; x_wconf 89' lang='lat' dir='ltr'>antiquiore</span> <span class='ocrx_word' id='word_1_217' title='bbox 1236 3520 1321 3582; x_wconf 92' lang='lat' dir='ltr'>idem</span> <span class='ocrx_word' id='word_1_218' title='bbox 1347 3519 1407 3582; x_wconf 86' lang='lat' dir='ltr'>lac-</span> 
     </span>
     <span class='ocr_line' id='line_1_30' title="bbox 342 3625 1408 3706; baseline -0.003 -16"><span class='ocrx_word' id='word_1_219' title='bbox 342 3640 409 3690; x_wconf 93' lang='lat' dir='ltr'>tum</span> <span class='ocrx_word' id='word_1_220' title='bbox 434 3649 514 3692; x_wconf 88' lang='lat' dir='ltr'>esse.</span> <span class='ocrx_word' id='word_1_221' title='bbox 562 3630 687 3692; x_wconf 88' lang='lat' dir='ltr'>Tamen</span> <span class='ocrx_word' id='word_1_222' title='bbox 712 3650 785 3694; x_wconf 88' lang='lat' dir='ltr'>eam</span> <span class='ocrx_word' id='word_1_223' title='bbox 810 3628 852 3689; x_wconf 89' lang='lat' dir='ltr'>ob</span> <span class='ocrx_word' id='word_1_224' title='bbox 878 3649 945 3690; x_wconf 90' lang='lat' dir='ltr'>rem</span> <span class='ocrx_word' id='word_1_225' title='bbox 969 3649 1033 3691; x_wconf 90' lang='lat' dir='ltr'>non</span> <span class='ocrx_word' id='word_1_226' title='bbox 1057 3627 1278 3690; x_wconf 89' lang='lat' dir='ltr'>contenderim</span> <span class='ocrx_word' id='word_1_227' title='bbox 1296 3628 1327 3688; x_wconf 93' lang='lat' dir='ltr'>in</span> <span class='ocrx_word' id='word_1_228' title='bbox 1346 3625 1408 3706; x_wconf 88' lang='lat' dir='ltr'>syl·</span> 
     </span>
     <span class='ocr_line' id='line_1_31' title="bbox 342 3734 1502 3819; baseline -0.001 -22"><span class='ocrx_word' id='word_1_229' title='bbox 342 3736 426 3816; x_wconf 91' lang='lat' dir='ltr'>logis</span> <span class='ocrx_word' id='word_1_230' title='bbox 461 3737 623 3819; x_wconf 83' lang='lat' dir='ltr'>Aesopeis</span> <span class='ocrx_word' id='word_1_231' title='bbox 659 3736 811 3799; x_wconf 89' lang='lat' dir='ltr'>omnibus</span> <span class='ocrx_word' id='word_1_232' title='bbox 834 3736 952 3815; x_wconf 89' lang='lat' dir='ltr'>adagia</span> <span class='ocrx_word' id='word_1_233' title='bbox 982 3756 1055 3798; x_wconf 91' lang='lat' dir='ltr'>cum</span> <span class='ocrx_word' id='word_1_234' title='bbox 1080 3734 1211 3818; x_wconf 86' lang='lat' dir='ltr'>epilogo</span> <span class='ocrx_word' id='word_1_235' title='bbox 1236 3736 1410 3798; x_wconf 89' lang='lat' dir='ltr'>coniuncta</span> <span class='ocrx_word' id='word_1_236' title='bbox 1496 3750 1502 3758; x_wconf 85' lang='grc'><em>’</em></span> 
     </span>
     <span class='ocr_line' id='line_1_32' title="bbox 343 3843 1440 3916; baseline -0.002 -10"><span class='ocrx_word' id='word_1_237' title='bbox 343 3846 375 3906; x_wconf 93' lang='lat' dir='ltr'>in</span> <span class='ocrx_word' id='word_1_238' title='bbox 404 3843 529 3907; x_wconf 81' lang='lat' dir='ltr'>fabulas</span> <span class='ocrx_word' id='word_1_239' title='bbox 553 3867 592 3906; x_wconf 90' lang='lat' dir='ltr'>eo</span> <span class='ocrx_word' id='word_1_240' title='bbox 617 3846 716 3906; x_wconf 92' lang='lat' dir='ltr'>modo</span> <span class='ocrx_word' id='word_1_241' title='bbox 742 3853 865 3904; x_wconf 87' lang='lat' dir='ltr'>mutata</span> <span class='ocrx_word' id='word_1_242' title='bbox 887 3863 969 3905; x_wconf 86' lang='lat' dir='ltr'>esse.</span> <span class='ocrx_word' id='word_1_243' title='bbox 1011 3843 1039 3904; x_wconf 86' lang='lat' dir='ltr'>E</span> <span class='ocrx_word' id='word_1_244' title='bbox 1062 3844 1224 3906; x_wconf 90' lang='lat' dir='ltr'>contrario</span> <span class='ocrx_word' id='word_1_245' title='bbox 1249 3851 1408 3916; x_wconf 71' lang='lat' dir='ltr'>auctores</span> <span class='ocrx_word' id='word_1_246' title='bbox 1439 3873 1440 3876; x_wconf 37' lang='lat'>¹</span> 
     </span>
     <span class='ocr_line' id='line_1_33' title="bbox 343 3948 1409 4034; baseline 0 -22"><span class='ocrx_word' id='word_1_247' title='bbox 343 3954 397 4032; x_wconf 92' lang='lat' dir='ltr'>qui</span> <span class='ocrx_word' id='word_1_248' title='bbox 419 3962 471 4014; x_wconf 82' lang='lat' dir='ltr'>&#39;ea</span> <span class='ocrx_word' id='word_1_249' title='bbox 508 3952 683 4034; x_wconf 78' lang='lat' dir='ltr'>proferunt,</span> <span class='ocrx_word' id='word_1_250' title='bbox 710 3951 854 4031; x_wconf 89' lang='lat' dir='ltr'>plerique</span> <span class='ocrx_word' id='word_1_251' title='bbox 878 3951 1122 4032; x_wconf 87' lang='lat' dir='ltr'>prouerbiomm</span> <span class='ocrx_word' id='word_1_252' title='bbox 1148 3948 1221 4012; x_wconf 90' lang='lat' dir='ltr'>loco</span> <span class='ocrx_word' id='word_1_253' title='bbox 1245 3971 1344 4031; x_wconf 89' lang='lat' dir='ltr'>quum</span> <span class='ocrx_word' id='word_1_254' title='bbox 1370 3969 1409 4012; x_wconf 87' lang='lat' dir='ltr'>ea</span> 
     </span>
     <span class='ocr_line' id='line_1_34' title="bbox 343 4057 1410 4140; baseline -0.002 -18"><span class='ocrx_word' id='word_1_255' title='bbox 343 4060 530 4140; x_wconf 89' lang='lat' dir='ltr'>adhibeant,</span> <span class='ocrx_word' id='word_1_256' title='bbox 558 4061 667 4123; x_wconf 90' lang='lat' dir='ltr'>testari</span> <span class='ocrx_word' id='word_1_257' title='bbox 691 4059 841 4120; x_wconf 88' lang='lat' dir='ltr'>uidentur</span> <span class='ocrx_word' id='word_1_258' title='bbox 865 4057 1056 4138; x_wconf 86' lang='lat' dir='ltr'>adagiorum</span> <span class='ocrx_word' id='word_1_259' title='bbox 1082 4059 1218 4120; x_wconf 85' lang='lat' dir='ltr'>formam</span> <span class='ocrx_word' id='word_1_260' title='bbox 1244 4057 1294 4120; x_wconf 89' lang='lat' dir='ltr'>his</span> <span class='ocrx_word' id='word_1_261' title='bbox 1317 4077 1410 4137; x_wconf 85' lang='lat' dir='ltr'>argu·</span> 
     </span>
     <span class='ocr_line' id='line_1_35' title="bbox 343 4165 1409 4250; baseline -0.005 -20"><span class='ocrx_word' id='word_1_262' title='bbox 343 4169 459 4230; x_wconf 90' lang='lat' dir='ltr'>mentis</span> <span class='ocrx_word' id='word_1_263' title='bbox 483 4171 587 4250; x_wconf 85' lang='lat' dir='ltr'>magis</span> <span class='ocrx_word' id='word_1_264' title='bbox 611 4188 708 4249; x_wconf 90' lang='lat' dir='ltr'>quam</span> <span class='ocrx_word' id='word_1_265' title='bbox 735 4165 915 4229; x_wconf 78' lang='lat' dir='ltr'>fabularum</span> <span class='ocrx_word' id='word_1_266' title='bbox 939 4168 1121 4229; x_wconf 90' lang='lat' dir='ltr'>conuenire.</span> <span class='ocrx_word' id='word_1_267' title='bbox 1172 4165 1282 4247; x_wconf 80' lang='lat' dir='ltr'>Quum</span> <span class='ocrx_word' id='word_1_268' title='bbox 1300 4174 1409 4228; x_wconf 88' lang='lat' dir='ltr'>autem</span> 
     </span>
     <span class='ocr_line' id='line_1_36' title="bbox 343 4272 1405 4361; baseline -0.006 -22"><span class='ocrx_word' id='word_1_269' title='bbox 343 4275 469 4342; x_wconf 82' lang='lat' dir='ltr'>fabulae</span> <span class='ocrx_word' id='word_1_270' title='bbox 505 4287 634 4341; x_wconf 83' lang='lat' dir='ltr'>exstent</span> <span class='ocrx_word' id='word_1_271' title='bbox 659 4296 755 4361; x_wconf 89' lang='lat' dir='ltr'>prosa</span> <span class='ocrx_word' id='word_1_272' title='bbox 781 4276 927 4339; x_wconf 86' lang='lat' dir='ltr'>oratione</span> <span class='ocrx_word' id='word_1_273' title='bbox 951 4276 1163 4358; x_wconf 89' lang='lat' dir='ltr'>conscriptae,</span> <span class='ocrx_word' id='word_1_274' title='bbox 1190 4295 1273 4357; x_wconf 89' lang='lat' dir='ltr'>quae</span> <span class='ocrx_word' id='word_1_275' title='bbox 1298 4272 1405 4337; x_wconf 80' lang='lat' dir='ltr'>Rabrii</span> 
     </span>
    </p>
   </div>
   <div class='ocr_carea' id='block_1_3' title="bbox 0 0 1639 4882">
    <p class='ocr_par' dir='ltr' id='par_1_3' title="bbox 0 0 1639 4882">
     <span class='ocr_line' id='line_1_37' title="bbox 0 0 1639 4882; baseline 0 0"><span class='ocrx_word' id='word_1_276' title='bbox 0 0 1639 4882; x_wconf 95' lang='lat' dir='ltr'> </span> 
     </span>
    </p>
   </div>
  </div>
 </body>
</html>
