3260 4882
783 435 825 449 ...
851 383 958 483 78'..

331 614 383 680 De
418 613 543 691 fabulis
579 635 663 698 quae
697 617 730 677 in
765 615 847 678 libro
871 616 885 677 Ι
909 625 1091 691 occurrunt,
1116 615 1180 678 iam
1204 615 1324 678 monui.
1373 611 1400 676 E

330 725 445 786 ceteris
479 723 567 786 libris
601 725 680 786 satis
714 724 773 788 erit
808 723 996 804 protrahere
1031 723 1070 795 ΙΙ,
1107 722 1142 798 6;
1176 722 1233 797 IV,
1259 724 1295 798 83
1321 741 1399 803 app.

331 831 434 893 XXX.
474 830 599 893 Fabula
622 831 759 894 Phaedri
782 831 821 905 ΙΙ,
847 832 867 893 6
891 831 980 912 apud
1005 828 1083 894 Plin.
1108 830 1148 905 X,
1176 845 1204 908 3,
1224 846 1253 908 3,
1271 828 1398 892 Aelian.

330 959 381 1002 an.
407 948 471 1001 nat.
498 937 570 1013 Vll,
599 939 638 1001 16
661 959 828 1002 occurrere
852 940 976 1001 notauit
1000 938 1131 1001 Crusius
1156 934 1280 1018 (Philol.
1307 935 1394 1012 LIV,

330 1065 406 1127 pag.
431 1043 523 1130 479);
550 1045 739 1110 Schwabius
763 1046 786 1118 Ι,
812 1067 887 1128 pag.
913 1047 973 1124 481
1002 1055 1077 1108 ante
1101 1065 1174 1108 eum
1198 1054 1325 1126 praeter
1340 1043 1401 1106 hos

330 1152 421 1216 locos
456 1155 616 1234 protraxit
650 1152 722 1217 Val.
760 1152 847 1216 Max.
884 1153 940 1229 IX,
970 1169 1007 1214 12
1039 1163 1072 1216 et
1101 1150 1229 1215 Aelian.
1254 1160 1320 1214 nat.
1345 1169 1396 1213 an.

330 1259 385 1336 III,
423 1277 478 1337 20;
504 1262 600 1324 etiam
625 1261 712 1342 apud
737 1261 888 1323 Babrium
913 1261 1005 1341 (115)
1029 1260 1167 1323 occurrit
1190 1257 1308 1334 sabula,
1334 1278 1399 1339 qua
1430 1337 1432 1342 Ι

331 1367 373 1430 de
407 1388 441 1430 re
476 1365 613 1450 amplius
641 1367 731 1432 infra.
779 1366 936 1430 Fabulam
961 1366 1098 1430 Phaedri
1121 1363 1177 1442 IV,
1203 1367 1222 1428 8
1247 1387 1267 1427 a
1291 1363 1396 1428 Loch-

331 1495 450 1538 manno
486 1475 598 1538 Arabe
633 1497 709 1558 pag.
736 1476 778 1555 36
801 1476 922 1537 narrari
946 1475 1033 1556 apud
1058 1474 1281 1536 Burmannum
1304 1471 1392 1557 (pag.

333 1581 407 1667 223)
431 1584 570 1646 inuenio,
618 1583 747 1646 Arabes
770 1591 879 1646 autem
903 1603 969 1645 non
992 1603 1034 1644 ex
1058 1583 1185 1663 scriptis
1209 1579 1396 1644 Aristotelis

332 1701 365 1754 et
398 1691 615 1772 Theophrasti
650 1690 736 1766 solis,
768 1692 826 1752 sed
861 1691 958 1754 etiam
994 1689 1163 1751 e'ceteris
1186 1688 1397 1769 scriptoribus

332 1796 484 1860 naturalis
519 1798 672 1862 historiae
707 1797 807 1860 multa
842 1798 997 1878 petiuisse
1031 1805 1170 1858 constat.
1218 1795 1255 1858 In
1283 1793 1395 1856 litteris

328 1907 453 1988 graecis
476 1905 581 1969 solum
606 1907 687 1968 inter
711 1904 837 1968 fabulas
860 1905 1027 1986 prosaicas
1050 1902 1171 1988 (Halm.
1202 1899 1274 1986 146)
1298 1901 1393 1965 nobis

328 2023 456 2076 seruata
487 2024 546 2077 est.
594 2013 800 2094 Argumenta
831 2022 939 2075 autern
974 2010 1090 2075 slmilia
1125 2009 1225 2072 multa
1260 2027 1393 2090 apara-

329 2122 553 2203 doxographis
565 2131 703 2183 tractata
715 2141 787 2182 esse
797 2141 839 2182 ex
850 2121 897 2195 its,
910 2139 994 2202 quae
1005 2118 1229 2182 Wellmannus
1240 2101 1397 2198 (Hermae

201 2282 205 2296 ,
328 2229 438 2291 XXVI
462 2249 538 2310 pag.
566 2226 751 2312 321-346)
776 2230 817 2290 de
841 2227 983 2291 lontibus
1007 2226 1154 2307 iologicis
1177 2225 1219 2287 ab
1241 2223 1391 2299 Aeliano,

328 2335 504 2411 Nicandr0,
541 2335 651 2411 Plinio,
688 2334 757 2398 aliis
785 2335 938 2398 adhibitis
962 2335 1149 2416 disputauit,
1174 2334 1216 2394 ad
1240 2330 1389 2414 colligen·
1420 2331 1422 2335 ’

329 2443 406 2506 dum
443 2442 575 2506 inclinat
611 2444 747 2506 animus
795 2443 874 2506 Fab.
911 2463 986 2524 app.
1013 2441 1116 2516 ΧΧΧ,
1141 2461 1238 2522 quam
1263 2449 1396 2506 auctore

328 2551 459 2615 Haveto
494 2549 580 2634 (pag.
623 2551 697 2630 145)
725 2560 855 2613 narrant
879 2551 975 2612 etiam
1001 2548 1078 2611 Plin.
1105 2549 1189 2610 Hist.
1215 2557 1279 2610 nat.
1306 2545 1393 2621 VIII,

332 2675 402 2738 109,
426 2657 585 2733 XXXII.
617 2660 668 2732 26,
703 2657 830 2722 Aelian.
858 2677 908 2719 an.
938 2666 1003 2721 nat.
1029 2656 1085 2732 VI,
1113 2672 1163 2734 34,
1189 2664 1272 2717 teste
1296 2651 1391 2716 Well·

295 2837 296 2840 Ἴ
327 2786 447 2828 manno
482 2764 636 2850 (Hermae
671 2765 791 2840 XXVI,
828 2785 903 2846 pag.
941 2763 1016 2848 346)
1051 2765 1148 2826 etiam
1186 2760 1287 2824 schol.
1318 2761 1390 2823 Nic.

327 2873 424 2936 Ther.
464 2874 535 2952 565,
561 2873 639 2954 quIn
662 2893 681 2934 e
705 2874 946 2953 paradoxorum
972 2869 1162 2934 collectione
1186 2869 1314 2930 fluxerit
1337 2867 1392 2930 du·

326 2980 421 3042 bitari
445 2999 510 3042 non
534 2989 652 3061 potest.
683 2979 715 3041 A
739 2979 950 3060 scriptoribus
966 2977 1156 3059 antiquioris
1172 2977 1289 3039 aetatis
1306 2973 1394 3038 nullo

326 3086 399 3149 loco
424 3097 697 3149 commemoratur
719 3107 826 3168 neque
849 3107 869 3149 a
893 3086 1011 3148 Babrio
1036 3085 1175 3147 affertur.
1216 3083 1253 3145 In
1277 3081 1390 3144 collec-

327 3197 415 3260 tione
450 3205 559 3256 autem
595 3215 713 3276 graeca
748 3192 856 3276 aliqua
880 3193 1057 3257 fabularum
1083 3191 1156 3255 'eam
1180 3190 1296 3254 lectam
1322 3209 1393 3252 esse

287 3306 289 3311 ’
326 3307 466 3387 Indeque
503 3304 638 3387 petitam
675 3301 768 3364 facile
802 3323 841 3364 ea
876 3322 988 3364 exre
1022 3309 1169 3382 apparet,
1195 3297 1283 3380 quod
1307 3299 1391 3360 sicut

202 3405 203 3408 '
326 3412 460 3474 Phaedr.
486 3412 542 3488 IV,
569 3413 587 3472 8
611 3412 695 3472 inter
719 3409 844 3472 fabulas
869 3411 1034 3491 prosaicas
1058 3406 1177 3492 (Halm.
1208 3404 1280 3490 189)
1303 3425 1392 3486 grae·

189 3529 190 3532 ’
325 3541 381 3582 cas
415 3529 532 3582 exstat.
580 3518 631 3580 De
665 3518 715 3580 his
744 3519 839 3600 igitur
863 3517 964 3580 tribus
988 3515 1187 3597 argumentis
1211 3513 1298 3576 idem
1323 3511 1389 3574 lere

325 3626 440 3703 ualere,
477 3626 564 3708 quod
601 3625 643 3688 de
678 3624 837 3688 Plutarchi
860 3636 892 3687 et
916 3623 1051 3685 Phaedri
1076 3621 1192 3684 sabulis
1215 3619 1391 3682 communi-

324 3735 386 3798 bus
414 3735 623 3815 statuendum
647 3753 718 3795 esse
742 3752 869 3796 cense0.
918 3731 955 3792 ln
979 3731 1102 3793 sontem
1126 3728 1263 3791 Phaedri
1288 3726 1391 3790 Aeso-

324 3863 421 3924 peum
458 3863 500 3904 ex
524 3841 605 3906 libro
630 3840 917 3924 paradoxographi
942 3838 992 3900 uel
1017 3836 1393 3919 paradoxographorum'

325 3951 528 4032 irrepserunt.

431 4059 487 4138 Ne
525 4057 729 4121 Plutarchum
768 4056 899 4138 quidem
939 4054 1029 4117 fonte
1067 4050 1237 4135 prIncipali
1275 4051 1389 4113 harum

325 4163 514 4242 fabularum,
551 4168 608 4228 sed
633 4167 728 4246 copia
750 4183 771 4226 a
794 4161 1007 4244 compilatore
1030 4161 1214 4242 composita
1238 4145 1390 4222 narratio·
